%Entries

@Article{Abril07,
  author        = "Patricia S. Abril and Robert Plant",
  title         = "The patent holder's dilemma: Buy, sell, or troll?",
  journal       = "Communications of the ACM",
  volume        = "50",
  number        = "1",
  month         = jan,
  year          = "2007",
  pages         = "36--44",
  doi           = "10.1145/1188913.1188915",
  %url           = "http://doi.acm.org/10.1145/1219092.1219093",
  note          = "",
}

@Article{Cohen07,
  author        = "Sarah Cohen and Werner Nutt and Yehoshua Sagic",
  title         = "Deciding equivalances among conjunctive aggregate queries",
  journal       = JACM,
  articleno     = 5,
  numpages      = 50,
  volume        = 54,
  number        = 2,
  month         = apr,
  year          = 2007,
  doi           = "10.1145/1219092.1219093",
  %url           = "http://doi.acm.org/10.1145/1219092.1219093",
  acmid         = 1219093,
}


@periodical{JCohen96,
  key =          "Cohen",
  editor =       "Jacques Cohen",
  title =        "Special issue: Digital Libraries",
  journal =      CACM,
  volume =       "39",
  number =       "11",
  month =        nov,
  year =         "1996",
}


@Book{Kosiur01,
  author =       "David Kosiur",
  title =        "Understanding Policy-Based Networking",
  publisher =    "Wiley",
  year =         "2001",
  address =      "New York, NY",
  edition =      "2nd.",
  editor =       "",
  volume =       "",
  number =       "",
  series =       "",
  month =        "",
  note =         "",
}


@Book{Harel79,
  author =       "David Harel",
  year =         "1979",
  title =        "First-Order Dynamic Logic",
  series =       "Lecture Notes in Computer Science",
  volume =       "68",
  address =      "New York, NY",
  publisher =    "Springer-Verlag",
  doi =          "10.1007/3-540-09237-4",
  %url =          "http://dx.doi.org/10.1007/3-540-09237-4",
  editor =       "",
  number =       "",
  month =        "",
  note =         "",
}


@Inbook{Editor00,
  author =       "",
  editor =       "Ian Editor",
  title =        "The title of book one",
  subtitle =     "The book subtitle",
  series =       "The name of the series one",
  year =         "2007",
  volume =       "9",
  address =      "Chicago",
  edition =      "1st.",
  publisher =    "University of Chicago Press",
  doi =          "10.1007/3-540-09237-4",
  %url =          "http://dx.doi.org/10.1007/3-540-09456-9",
  chapter =      "",
  pages =        "",
  number =       "",
  type =         "",
  month =        "",
  note =         "",
}

%
@InBook{Editor00a,
  author =       "",
  editor =       "Ian Editor",
  title =        "The title of book two",
  subtitle =     "The book subtitle",
  series =       "The name of the series two",
  year =         "2008",
  address =      "Chicago",
  edition =      "2nd.",
  publisher =    "University of Chicago Press",
  doi =          "10.1007/3-540-09237-4",
  %url =          "http://dx.doi.org/10.1007/3-540-09456-9",
  volume =       "",
  chapter =      "100",
  pages =        "",
  number =       "",
  type =         "",
  month =        "",
  note =         "",
}


% incollection (has an editor, title, and possibly a booktitle)
@Incollection{Spector90,
  author =       "Asad Z. Spector",
  title =        "Achieving application requirements",
  booktitle =    "Distributed Systems",
  publisher =    "ACM Press",
  address =      "New York, NY",
  year =         "1990",
  edition =      "2nd.",
  chapter =      "",
  editor =       "Sape Mullender",
  pages =        "19--33",
  doi =          "10.1145/90417.90738",
  %url =          "http://doi.acm.org/10.1145/90417.90738",
  volume =       "",
  number =       "",
  series =       "",
  type =         "",
  month =        "",
  note =         "",
}


% incollection (has an editor, title, and possibly a booktitle)
@Incollection{Douglass98,
  author =       "Bruce P. Douglass and David Harel and Mark B. Trakhtenbrot",
  title =        "Statecarts in use: structured analysis and object-orientation",
  series =       "Lecture Notes in Computer Science",
  booktitle =    "Lectures on Embedded Systems",
  publisher =    "Springer-Verlag",
  address =      "London",
  volume =       "1494",
  year =         "1998",
  chapter =      "",
  editor =       "Grzegorz Rozenberg and Frits W. Vaandrager",
  pages =        "368--394",
  doi =          "10.1007/3-540-65193-4_29",
  %url =          "http://dx.doi.org/10.1007/3-540-65193-4_29",
  edition =      "",
  number =       "",
  type =         "",
  month =        "",
  note =         "",
}


@Book{Knuth97,
  author =       "Donald E. Knuth",
  title =        "The Art of Computer Programming, Vol. 1: Fundamental Algorithms (3rd. ed.)",
  publisher =    "Addison Wesley Longman Publishing Co., Inc.",
  year =         "1997",
  address =      "",
  edition =      "",
  editor =       "",
  volume =       "",
  number =       "",
  series =       "",
  month =        "",
  note =         "",
}


@Book{Knuth98,
  author =       "Donald E. Knuth",
  year =         "1998",
  title =        "The Art of Computer Programming",
  series =       "Fundamental Algorithms",
  volume =       "1",
  edition =      "3rd",
  address =      "",
  publisher =    "Addison Wesley Longman Publishing Co., Inc.",
  doi =          "",
  %url =          "",
  editor =       "",
  number =       "",
  month =        "",
  note =         "(book)",
}

%Inbook{Knuth97,
%  author =       "Donald E. Knuth",
%  title =        "The Art of Computer Programming",
%  booktitle =    "the booktitle",
%  edition =      "3",
%  volume =       "1",
%  year =         "1997",
%  publisher =    "Addison Wesley Longman Publishing Co., Inc.",
%  editor =       "",
%  number =       "",
%  series =       "Fundamental Algorithms",
%  type =         "",
%  chapter =      "",
%  pages =        "",
%  address =      "",
%  month =        "",
%  note =         "(inbook)",
%}

%INBOOK{DK:73-inbook-full,
%   author = "Donald E. Knuth",
%   title = "Fundamental Algorithms (inbook w series)",
%   volume = 1,
%   series = "The Art of Computer Programming",
%   publisher = "Addison-Wesley",
%   address = "Reading, Massachusetts",
%   edition = "Second",
%   month = "10~" # jan,
%   year = "1973",
%   type = "Section",
%   chapter = "1.2",
%   pages = "10--119",
%   note = "Full INBOOK entry (w series)",
%}

%INcollection{DK:74-incoll,
%   author = "Donald E. Knuth",
%   title = "Fundamental Algorithms (incoll)",
%   volume = 1,
%   booktitle = "The Art of Computer Programming",
%   publisher = "Addison-Wesley",
%   address = "Reading, Massachusetts",
%   month = "10~" # jan,
%   year = "1974",
%   pages = "10--119",
%   editor = "Bernard Rous",
%   note = "This is a full incoll entry with an editor",
%}

%INcollection{DK:75-incollws,
%   author = "Donald E. Knuth",
%   title = "Fundamental Algorithms (incoll w series)",
%   volume = 1,
%   booktitle = "The Art of Computer Programming",
%   series = "The Art of Computer Programming",
%   publisher = "Addison-Wesley",
%   address = "Reading, Massachusetts",
%   month = "10~" # jan,
%   year = "1975",
%   pages = "10--119",
%   editor = "Bernard Rous",
%   note = "This is a full incoll entry with an editor and series",
%}


@incollection{GM05,
Author= "Dan Geiger and Christopher Meek",
Title= "Structured Variational Inference Procedures and their Realizations (as incol)",
Year= 2005,
Booktitle="Proc. of 10th Int. Workshop on Artificial Intelligence and Statistics, {\rm The Barbados}",
Publisher="The Society for Artificial Intelligence and Statistics",
Month= jan,
Editors= "Z. Ghahramani and R. Cowell"
}

@inproceedings{Smith10,
  author =       "Stan W. Smith",
  title =        "An experiment in bibliographic mark-up: Parsing metadata for XML export",
  booktitle =    "Proc. of the 3rd. annual workshop on Librarians and Computers",
  series =       "LAC '10",
  editor =       "Reginald N. Smythe and Alexander Noble",
  volume =       "3",
  year =         "2010",
  publisher =    "Paparazzi Press",
  address =      "Milan Italy",
  pages =        "422--431",
  doi =          "99.9999/woot07-S422",
  %url =          "http://dx.doi.org/99.0000/woot07-S422",
  number =       "",
  month =        "",
  organization = "",
  note =         "",
}

@inproceedings{VanGundy07,
  author =       "Matthew Van Gundy and Davide Balzarotti and Giovanni Vigna",
  year =         2007,
  title =        "Catch me, if you can: Evading network signatures with web-based polymorphic worms",
  booktitle =    "Proc. of the first USENIX workshop on Offensive Technologies",
  series =       "WOOT '07",
  publisher =    "USENIX Association",
  address =      "Berkley, CA",
  articleno =    {Paper 7},
  numpages =     9,
}

@inproceedings{VanGundy08,
  author =       "Matthew Van Gundy and Davide Balzarotti and Giovanni Vigna",
  year =         2008,
  title =        "Catch me, if you can: Evading network signatures with web-based polymorphic worms",
  booktitle =    "Proc. of the first USENIX workshop on Offensive Technologies",
  series =       "WOOT '08",
  publisher =    "USENIX Association",
  address =      "Berkley, CA",
  articleno =    7,
  numpages =     2,
  pages =        "99-100",
}

@inproceedings{VanGundy09,
  author =       "Matthew Van Gundy and Davide Balzarotti and Giovanni Vigna",
  year =         2009,
  title =        "Catch me, if you can: Evading network signatures with web-based polymorphic worms",
  booktitle =    "Proc. of the first USENIX workshop on Offensive Technologies",
  series =       "WOOT '09",
  publisher =    "USENIX Association",
  address =      "Berkley, CA",
  pages =        "90--100",
}

@inproceedings{Andler79,
  author =       "Sten Andler",
  title =        "Predicate Path expressions",
  booktitle =    "Proc. of the 6th. ACM SIGACT-SIGPLAN symposium on Principles of Programming Languages",
  series =       "POPL '79",
  year =         "1979",
  publisher =    "ACM Press",
  address =      "New York, NY",
  pages =        "226--236",
  doi =          "10.1145/567752.567774",
  %url =          "http://doi.acm.org/10.1145/567752.567774",
  editor =       "",
  volume =       "",
  number =       "",
  month =        "",
  organization = "",
  note =         "",
}

@Techreport{Harel78,
  author =       "David Harel",
  year =         "1978",
  title =        "LOGICS of Programs: AXIOMATICS and DESCRIPTIVE POWER",
  institution =  "Massachusetts Institute of Technology",
  type =         "MIT Research Lab Technical Report",
  number =       "TR-200",
  address =      "Cambridge, MA",
  month =        "",
  note =         "",
}

@MASTERSTHESIS{anisi03,
author = {David A. Anisi},
title = {Optimal Motion Control of a Ground Vehicle},
school = {Royal Institute of Technology (KTH), Stockholm, Sweden},
intitution = {FOI-R-0961-SE, Swedish Defence Research Agency (FOI)},
year = {2003},
}


@Phdthesis{Clarkson85,
  author =       "Kenneth L. Clarkson",
  year =         "1985",
  title =        "Algorithms for Closest-Point Problems (Computational Geometry)",
  school =       "Stanford University",
  address =      "Palo Alto, CA",
  note =         "UMI Order Number: AAT 8506171",
  type =         "",
  month =        "",
}


@online{Thornburg01,
  author =       "Harry Thornburg",
  year =         "2001",
  title =        "Introduction to Bayesian Statistics",
  %url =          "http://ccrma.stanford.edu/~jos/bayes/bayes.html",
  month =        mar,
  lastaccessed = "March 2, 2005",
}


@online{Ablamowicz07,
  author =       "Rafal Ablamowicz and Bertfried Fauser",
  year =         "2007",
  title =        "CLIFFORD: a Maple 11 Package for Clifford Algebra Computations, version 11",
  %url =          "http://math.tntech.edu/rafal/cliff11/index.html",
  lastaccessed = "February 28, 2008",
}


@misc{Poker06,
  author =       "Poker-Edge.Com",
  year =         "2006",
  month =        mar,
  title =        "Stats and Analysis",
  lastaccessed = "June 7, 2006",
  %url =          "http://www.poker-edge.com/stats.php",
}

@misc{Obama08,
  author        = "Barack Obama",
  year          = "2008",
  title         = "A more perfect union",
  howpublished  = "Video",
  day           = "5",
  %url           = "http://video.google.com/videoplay?docid=6528042696351994555",
  month         = mar,
  lastaccessed  = "March 21, 2008",
  note          =  "",
}

@misc{JoeScientist001,
  author =       "Joseph Scientist",
  year =         "2009",
  title =        "The fountain of youth",
  note =         "Patent No. 12345, Filed July 1st., 2008, Issued Aug. 9th., 2009",
  %url =          "",
  howpublished = "",
  month =        aug,
  lastaccessed = "",
}


@inproceedings{Novak03,
  author =       "Dave Novak",
  title =        "Solder man",
  booktitle =    "ACM SIGGRAPH 2003 Video Review on Animation theater Program: Part I - Vol. 145 (July 27--27, 2003)",
  year =         "2003",
  publisher =    "ACM Press",
  address =      "New York, NY",
  pages =        "4",
  month =        "March 21, 2008",
  doi =          "99.9999/woot07-S422",
  %url =          "http://video.google.com/videoplay?docid=6528042696351994555",
  note =         "",
  howpublished = "Video",
  editor =       "",
  volume =       "",
  number =       "",
  series =       "",
  organization = "",
}


@article{Lee05,
  author =       "Newton Lee",
  year =         "2005",
  title =        "Interview with Bill Kinder: January 13, 2005",
  journal =      "Comput. Entertain.",
  eid =          "4",
  volume =       "3",
  number =       "1",
  month =        "Jan.-March",
  doi =          "10.1145/1057270.1057278",
  %url =          "http://doi.acm.org/10.1145/1057270.1057278",
  howpublished = "Video",
  note =         "",
}

@article{rous08,
  author =       "Bernard Rous",
  year =         "2008",
  title =        "The Enabling of Digital Libraries",
  journal =      "Digital Libraries",
  volume =       "12",
  number =       "3",
  month =        jul,
  articleno =    "Article~5",
  doi =          "",
  %url =          "",
  howpublished = "",
  note =         "To appear",
}

@article{384253,
 author = {Werneck,, Renato and Setubal,, Jo\~{a}o and da Conceic\~{a}o,, Arlindo},
 title = {(old) Finding minimum congestion spanning trees},
 journal = {J. Exp. Algorithmics},
 volume = {5},
 year = {2000},
 issn = {1084-6654},
 pages = {11},
 doi = {http://doi.acm.org/10.1145/351827.384253},
 publisher = {ACM},
 address = {New York, NY, USA},
 }


@article{Werneck:2000:FMC:351827.384253,
 author = {Werneck, Renato and Setubal, Jo\~{a}o and da Conceic\~{a}o, Arlindo},
 title = {(new) Finding minimum congestion spanning trees},
 journal = {J. Exp. Algorithmics},
 volume = 5,
 month = dec,
 year = 2000,
 issn = {1084-6654},
 articleno = 11,
 %url = {http://portal.acm.org/citation.cfm?id=351827.384253},
 doi = {10.1145/351827.384253},
 acmid = 384253,
 publisher = {ACM},
 address = {New York, NY, USA},
}

@article{1555162,
 author = {Conti, Mauro and Di Pietro, Roberto and Mancini, Luigi V. and Mei, Alessandro},
 title = {(old) Distributed data source verification in wireless sensor networks},
 journal = {Inf. Fusion},
 volume = {10},
 number = {4},
 year = {2009},
 issn = {1566-2535},
 pages = {342--353},
 doi = {http://dx.doi.org/10.1016/j.inffus.2009.01.002},
 publisher = {Elsevier Science Publishers B. V.},
 address = {Amsterdam, The Netherlands, The Netherlands},
 }

@article{Conti:2009:DDS:1555009.1555162,
 author = {Conti, Mauro and Di Pietro, Roberto and Mancini, Luigi V. and Mei, Alessandro},
 title = {(new) Distributed data source verification in wireless sensor networks},
 journal = {Inf. Fusion},
 volume = {10},
 number = {4},
 month = oct,
 year = {2009},
 issn = {1566-2535},
 pages = {342--353},
 numpages = {12},
 %url = {http://portal.acm.org/citation.cfm?id=1555009.1555162},
 doi = {10.1016/j.inffus.2009.01.002},
 acmid = {1555162},
 publisher = {Elsevier Science Publishers B. V.},
 address = {Amsterdam, The Netherlands, The Netherlands},
 keywords = {Clone detection, Distributed protocol, Securing data fusion, Wireless sensor networks},
}

@inproceedings{Li:2008:PUC:1358628.1358946,
 author = {Li, Cheng-Lun and Buyuktur, Ayse G. and Hutchful, David K. and Sant, Natasha B. and Nainwal, Satyendra K.},
 title = {Portalis: using competitive online interactions to support aid initiatives for the homeless},
 booktitle = {CHI '08 extended abstracts on Human factors in computing systems},
 year = {2008},
 isbn = {978-1-60558-012-X},
 location = {Florence, Italy},
 pages = {3873--3878},
 numpages = {6},
 %url = {http://portal.acm.org/citation.cfm?id=1358628.1358946},
 doi = {10.1145/1358628.1358946},
 acmid = {1358946},
 publisher = {ACM},
 address = {New York, NY, USA},
 keywords = {cscw, distributed knowledge acquisition, incentive design, online games, recommender systems, reputation systems, user studies, virtual community},
}

@book{Hollis:1999:VBD:519964,
 author = {Hollis, Billy S.},
 title = {Visual Basic 6: Design, Specification, and Objects with Other},
 year = {1999},
 isbn = {0130850845},
 edition = {1st},
 publisher = {Prentice Hall PTR},
 address = {Upper Saddle River, NJ, USA},
 }


@book{Goossens:1999:LWC:553897,
 author = {Goossens, Michel and Rahtz, S. P. and Moore, Ross and Sutor, Robert S.},
 title = {The  Latex Web Companion: Integrating TEX, HTML, and XML},
 year = {1999},
 isbn = {0201433117},
 edition = {1st},
 publisher = {Addison-Wesley Longman Publishing Co., Inc.},
 address = {Boston, MA, USA},
 }

% need to test genres for errant isbn output

% techreport
@techreport{897367,
 author = {Buss, Jonathan F. and Rosenberg, Arnold L. and Knott, Judson D.},
 title = {Vertex Types in Book-Embeddings},
 year = {1987},
 source = {http://www.ncstrl.org:8900/ncstrl/servlet/search?formname=detail\&id=oai%3Ancstrlh%3Aumass_cs%3Ancstrl.umassa_cs%2F%2FUM-CS-1987-018},
 publisher = {University of Massachusetts},
 address = {Amherst, MA, USA},
 }

@techreport{Buss:1987:VTB:897367,
 author = {Buss, Jonathan F. and Rosenberg, Arnold L. and Knott, Judson D.},
 title = {Vertex Types in Book-Embeddings},
 year = {1987},
 source = {http://www.ncstrl.org:8900/ncstrl/servlet/search?formname=detail\&id=oai%3Ancstrlh%3Aumass_cs%3Ancstrl.umassa_cs%2F%2FUM-CS-1987-018},
 publisher = {University of Massachusetts},
 address = {Amherst, MA, USA},
 }

% whole Proc.

@Proc.{Czerwinski:2008:1358628,
 author = {},
 note = {General Chair-Czerwinski, Mary and General Chair-Lund, Arnie and Program Chair-Tan, Desney},
 title = {CHI '08: CHI '08 extended abstracts on Human factors in computing systems},
 year = {2008},
 isbn = {978-1-60558-012-X},
 location = {Florence, Italy},
 order_no = {608085},
 publisher = {ACM},
 address = {New York, NY, USA},
 }

% phdthesis

@phdthesis{Clarkson:1985:ACP:911891,
 author = {Clarkson, Kenneth Lee},
 advisor = {Yao, Andrew C.},
 title = {Algorithms for Closest-Point Problems (Computational Geometry)},
 year = {1985},
 note = {AAT 8506171},
 school = {Stanford University},
 address = {Stanford, CA, USA},
 }
% school is being picked up -- but not publisher (which is OK)
% Also -- the title is NOT being output in italics !!! Arrrrgh! - I fixed it. :-)


%%% compare with 'old'
%%% atsign-Phdthesis{Clarkson85,
%%%  author =       "Kenneth L. Clarkson",
%%%  year =         "1985",
%%%  title =        "Algorithms for Closest-Point Problems (Computational Geometry)",
%%%  school =       "Stanford University",
%%%  address =      "Palo Alto, CA",
%%%  note =         "UMI Order Number: AAT 8506171",
%%%  type =         "",
%%%  month =        "",
%%%}

% A bibliography
@Article{1984:1040142,
 key = {{$\!\!$}},
 journal = {SIGCOMM Comput. Commun. Rev.},
 year = {1984},
 issn = {0146-4833},
 volume = {13-14},
 number = {5-1},
 issue_date = {January/April 1984},
 publisher = {ACM},
 address = {New York, NY, USA},
 }


% grinder
@inproceedings{2004:ITE:1009386.1010128,
 key = {IEEE},
 title = {IEEE TCSC Executive Committee},
 booktitle = {Proc. of the IEEE Int. Conference on Web Services},
 series = {ICWS '04},
 year = {2004},
 isbn = {0-7695-2167-3},
 pages = {21--22},
 publisher = {IEEE Computer Society},
 address = {Washington, DC, USA},
}

% div book
@book{Mullender:1993:DS:302430,
 editor = {Mullender, Sape},
 title = {Distributed systems (2nd Ed.)},
 year = {1993},
 isbn = {0-201-62427-3},
 publisher = {ACM Press/Addison-Wesley Publishing Co.},
 address = {New York, NY, USA},
 }

% master thesis (as techreport and thesis)

@techreport{Petrie:1986:NAD:899644,
 author = {Petrie, Charles J.},
 title = {New Algorithms for Dependency-Directed Backtracking (Master's thesis)},
 year = {1986},
 source = {http://www.ncstrl.org:8900/ncstrl/servlet/search?formname=detail\&id=oai%3Ancstrlh%3Autexas_cs%3AUTEXAS_CS%2F%2FAI86-33},
 publisher = {University of Texas at Austin},
 address = {Austin, TX, USA},
 }

@MASTERSTHESIS{Petrie:1986:NAD:12345,
 author = {Petrie, Charles J.},
 title = {New Algorithms for Dependency-Directed Backtracking (Master's thesis)},
 year = {1986},
 source = {http://www.ncstrl.org:8900/ncstrl/servlet/search?formname=detail\&id=oai%3Ancstrlh%3Autexas_cs%3AUTEXAS_CS%2F%2FAI86-33},
 school = {University of Texas at Austin},
 address = {Austin, TX, USA},
 }




@BOOK{book-minimal,
   author = "Donald E. Knuth",
   title = "Seminumerical Algorithms",
   publisher = "Addison-Wesley",
   year = "1981",
}

% incollection (has an editor, title, and possibly a booktitle)
@INcollection{KA:2001,
 author = {Kong, Wei-Chang},
 Title = {The implementation of electronic commerce in SMEs in Singapore (as Incoll)},
 booktitle = {E-commerce and cultural values},
 year = {2001},
 isbn = {1-59140-056-2},
 pages = {51--74},
 numpages = {24},
 %url = {http://portal.acm.org/citation.cfm?id=887006.887010},
 acmid = {887010},
 publisher = {IGI Publishing},
 address = {Hershey, PA, USA},
}


% with bibfield 'type' before chapter (note no editor)
@INBOOK{KAGM:2001,
 author = {Kong, Wei-Chang},
 type = {Name of Chapter:},
 chapter = {The implementation of electronic commerce in SMEs in Singapore (Inbook-w-chap-w-type)},
 title = {E-commerce and cultural values},
 year = {2001},
 isbn = {1-59140-056-2},
 pages = {51--74},
 numpages = {24},
 %url = {http://portal.acm.org/citation.cfm?id=887006.887010},
 acmid = {887010},
 publisher = {IGI Publishing},
 address = {Hershey, PA, USA},
}

%%% Notes! This is because the atsign-INBOOK citation type specifies EITHER
%%% editor or author, but not both. In my experiments with the harvard/dcu
%%% bibtex style (and presumably this applies to other styles too), bibtex
%%% ignores the editor information if author information exists in an
%%% atsign-INBOOK entry. atsign-INCOLLECTION is far more commonly used in my references,
%%% and in the absence of an editor I believe most bibtex styles will just
%%% ommit the editor from the reference - the chapter information will not
%%% end up in the in-text citation as you suggest it should be but at least
%%% there is a place to put the editor if necessary.



% was 'Inbook' -- changed to incollection - (editor is different to author) - need to tell Asad to codify as such.
@incollection{Kong:2002:IEC:887006.887010,
  author =      {Kong, Wei-Chang},
  editor =      {Theerasak Thanasankit},
  title =       {Chapter 9},
  booktitle =   {E-commerce and cultural values (Incoll-w-text (chap 9) 'title')},
  year =        {2002},
  address =     {Hershey, PA, USA},
  publisher =   {IGI Publishing},
  %url =         {http://portal.acm.org/citation.cfm?id=887006.887010},
  pages =       {51--74},
  numpages =    {24},
  acmid =       {887010},
  isbn =        {1-59140-056-2},
  number =      "",
  type =        "",
  month =       "",
  note =        "",
}

% incol when the chapter is 'text' - due to presence of editor (different to author)
@incollection{Kong:2003:IEC:887006.887011,
 author = {Kong, Wei-Chang},
 title = {The implementation of electronic commerce in SMEs in Singapore (Incoll)},
 booktitle = {E-commerce and cultural values},
 editor = {Thanasankit, Theerasak},
 year = {2003},
 isbn = {1-59140-056-2},
 pages = {51--74},
 numpages = {24},
 %url = {http://portal.acm.org/citation.cfm?id=887006.887010},
 acmid = {887010},
 publisher = {IGI Publishing},
 address = {Hershey, PA, USA},
}

% ------ test
%incollection{Kong:2003:IEC:887006.887010,
% author = {Kong, Wei-Chang},
% chapter = {The implementation of electronic commerce in SMEs in Singapore (Incoll-text-in-chap)},
% booktitle = {booktitle E-commerce and cultural values},
% title =   {The title},
% editor = {Thanasankit, Theerasak},
% year = {2003},
% isbn = {1-59140-056-2},
% pages = {51--74},
% numpages = {24},
%url = {http://portal.acm.org/citation.cfm?id=887006.887010},
% acmid = {887010},
% publisher = {IGI Publishing},
% address = {Hershey, PA, USA},
%}


% ---------





% Need inbook with num in chapter

% and inbook with number in chapter
@InBook{Kong:2004:IEC:123456.887010,
  author =      {Kong, Wei-Chang},
  editor =      {Theerasak Thanasankit},
  title =       {E-commerce and cultural values - (InBook-num-in-chap)},
  chapter =     {9},
  year =        {2004},
  address =     {Hershey, PA, USA},
  publisher =   {IGI Publishing},
  %url =         {http://portal.acm.org/citation.cfm?id=887006.887010},
  pages =       {51--74},
  numpages =    {24},
  acmid =       {887010},
  isbn =        {1-59140-056-2},
  number =      "",
  type =        "",
  month =       "",
  note =        "",
}


% and inbook with text in chapter
@Inbook{Kong:2005:IEC:887006.887010,
  author =      {Kong, Wei-Chang},
  editor =      {Theerasak Thanasankit},
  title =       {E-commerce and cultural values (Inbook-text-in-chap)},
  chapter =     {The implementation of electronic commerce in SMEs in Singapore},
  year =        {2005},
  address =     {Hershey, PA, USA},
  publisher =   {IGI Publishing},
  %url =         {http://portal.acm.org/citation.cfm?id=887006.887010},
  type =        {Chapter:},
  pages =       {51--74},
  numpages =    {24},
  acmid =       {887010},
  isbn =        {1-59140-056-2},
  number =      "",
  month =       "",
  note =        "",
}


% and inbook with a num and type field
@Inbook{Kong:2006:IEC:887006.887010,
  author =      {Kong, Wei-Chang},
  editor =      {Theerasak Thanasankit},
  title =       {E-commerce and cultural values (Inbook-num chap)},
  chapter =     {22},
  year =        {2006},
  address =     {Hershey, PA, USA},
  publisher =   {IGI Publishing},
  %url =         {http://portal.acm.org/citation.cfm?id=887006.887010},
  type =        {Chapter (in type field)},
  pages =       {51--74},
  numpages =    {24},
  acmid =       {887010},
  isbn =        {1-59140-056-2},
  number =      "",
  month =       "",
  note =        "",
}


% and incol coz we have a BLANK chapter - due to presence of editor
%atIncollection{Kong:2006:IEC:887006.887011,
%  author =     {Kong, Wei-Chang},
%  editor =     {Theerasak Thanasankit},
%  title =      "The title"
%  booktitle =  {E-commerce and cultural values (Incol-coz-blank-chap)},
%  year =       {2006},
%  address =    {Hershey, PA, USA},
%  publisher =  {IGI Publishing},
%  %url =        {http://portal.acm.org/citation.cfm?id=887006.887010},
%  type =       {Type!},
%  chapter =    {},
%  pages =      {51--74},
%  numpages =   {24},
%  acmid =      {887010},
%  isbn =       {1-59140-056-2},
%  number =     "",
%  month =      "",
%  note =       "",
%}

@article{SaeediMEJ10,
            author = {Mehdi Saeedi and Morteza Saheb Zamani and Mehdi Sedighi},
            title = {A library-based synthesis methodology for reversible logic},
            journal = {Microelectron. J.},
            volume = {41},
            number = {4},
            month = apr,
            year = {2010},
            pages = {185--194},
}

@ARTICLE{SaeediJETC10,
            author = {Mehdi Saeedi and Morteza Saheb Zamani and Mehdi Sedighi and Zahra Sasanian},
            title = {Synthesis of Reversible Circuit Using Cycle-Based Approach},
            journal = {J. Emerg. Technol. Comput. Syst.},
            volume = {6},
            number = {4},
            month = dec,
            year = {2010}
            }

% Asad's new version
@article{Kirschmer:2010:AEI:1958016.1958018,
 author = {Kirschmer, Markus and Voight, John},
 title = {Algorithmic Enumeration of Ideal Classes for Quaternion Orders},
 journal = {SIAM J. Comput.},
 issue_date = {January 2010},
 volume = {39},
 number = {5},
 month = jan,
 year = {2010},
 issn = {0097-5397},
 pages = {1714--1747},
 numpages = {34},
 %url = {http://dx.doi.org/10.1137/080734467},
 doi = {https://doi.org/10.1137/080734467},
 acmid = {1958018},
 publisher = {Society for Industrial and Applied Mathematics},
 address = {Philadelphia, PA, USA},
 keywords = {ideal classes, maximal orders, number theory, quaternion algebras},
}


% incol due to presence of booktitle
@incollection{Hoare:1972:CIN:1243380.1243382,
 author = {Hoare, C. A. R.},
 title = {Chapter II: Notes on data structuring},
 booktitle = {Structured programming (incoll)},
 editor = {Dahl, O. J. and Dijkstra, E. W. and Hoare, C. A. R.},
 year = {1972},
 isbn = {0-12-200550-3},
 pages = {83--174},
 numpages = {92},
 %url = {http://portal.acm.org/citation.cfm?id=1243380.1243382},
 acmid = {1243382},
 publisher = {Academic Press Ltd.},
 address = {London, UK, UK},
}

% incol due to presence of booktitle
@incollection{Lee:1978:TQA:800025.1198348,
 author = {Lee, Jan},
 title = {Transcript of question and answer session},
 booktitle = {History of programming languages I (incoll)},
 editor = {Wexelblat, Richard L.},
 year = {1981},
 isbn = {0-12-745040-8},
 pages = {68--71},
 numpages = {4},
 %url = {http://doi.acm.org/10.1145/800025.1198348},
 doi = {http://doi.acm.org/10.1145/800025.1198348},
 acmid = {1198348},
 publisher = {ACM},
 address = {New York, NY, USA},
}

% incol due to booktitle
@incollection{Dijkstra:1979:GSC:1241515.1241518,
 author = {Dijkstra, E.},
 title = {Go to statement considered harmful},
 booktitle = {Classics in software engineering (incoll)},
 year = {1979},
 isbn = {0-917072-14-6},
 pages = {27--33},
 numpages = {7},
 %url = {http://portal.acm.org/citation.cfm?id=1241515.1241518},
 acmid = {1241518},
 publisher = {Yourdon Press},
 address = {Upper Saddle River, NJ, USA},
}

% incol due to booktitle
@incollection{Wenzel:1992:TVA:146022.146089,
 author = {Wenzel, Elizabeth M.},
 title = {Three-dimensional virtual acoustic displays},
 booktitle = {Multimedia interface design (incoll)},
 year = {1992},
 isbn = {0-201-54981-6},
 pages = {257--288},
 numpages = {32},
 %url = {http://portal.acm.org/citation.cfm?id=146022.146089},
 doi = {10.1145/146022.146089},
 acmid = {146089},
 publisher = {ACM},
 address = {New York, NY, USA},
}

% incol due to booktitle
@incollection{Mumford:1987:MES:54905.54911,
 author = {Mumford, E.},
 title = {Managerial expert systems and organizational change: some critical research issues},
 booktitle = {Critical issues in information systems research (incoll)},
 year = {1987},
 isbn = {0-471-91281-6},
 pages = {135--155},
 numpages = {21},
 %url = {http://portal.acm.org/citation.cfm?id=54905.54911},
 acmid = {54911},
 publisher = {John Wiley \& Sons, Inc.},
 address = {New York, NY, USA},
}

@book{McCracken:1990:SSC:575315,
 author = {McCracken, Daniel D. and Golden, Donald G.},
 title = {Simplified Structured COBOL with Microsoft/MicroFocus COBOL},
 year = {1990},
 isbn = {0471514071},
 publisher = {John Wiley \& Sons, Inc.},
 address = {New York, NY, USA},
}

% Let's include Boris / BBeeton entries  (multi-volume works)

@book {MR781537,
    AUTHOR = {H{\"o}rmander, Lars},
     TITLE = {The analysis of linear partial differential operators. {III}},
    SERIES = {Grundlehren der Mathematischen Wissenschaften [Fundamental
              Principles of Mathematical Sciences]},
    VOLUME = {275},
      NOTE = {Pseudodifferential operators},
PUBLISHER = {Springer-Verlag},
   ADDRESS = {Berlin, Germany},
      YEAR = {1985},
     PAGES = {viii+525},
      ISBN = {3-540-13828-5},
   MRCLASS = {35-02 (35Sxx 47G05 58G15)},
  MRNUMBER = {781536 (87d:35002a)},
MRREVIEWER = {Min You Qi},
}

@book {MR781536,
    AUTHOR = {H{\"o}rmander, Lars},
     TITLE = {The analysis of linear partial differential operators. {IV}},
    SERIES = {Grundlehren der Mathematischen Wissenschaften [Fundamental
              Principles of Mathematical Sciences]},
    VOLUME = {275},
      NOTE = {Fourier integral operators},
PUBLISHER = {Springer-Verlag},
   ADDRESS = {Berlin, Germany},
      YEAR = {1985},
     PAGES = {vii+352},
      ISBN = {3-540-13829-3},
   MRCLASS = {35-02 (35Sxx 47G05 58G15)},
  MRNUMBER = {781537 (87d:35002b)},
MRREVIEWER = {Min You Qi},
}

%%%%%%%%%%%%%%%%%%%%%% Start of Aptara sample bib entries

% acmsmall-sam.bib
@inproceedings{Adya-01,
  author        = {A. Adya and P. Bahl and J. Padhye and A.Wolman and L. Zhou},
  title         = {A multi-radio unification protocol for {IEEE} 802.11 wireless networks},
  booktitle     = {Proc. of the IEEE 1st Int. Conf. on Broadnets Networks (BroadNets'04)},
  publisher     = "IEEE",
  address       = "Los Alamitos, CA",
  year          = {2004},
  pages         = "210--217"
}

@article{Akyildiz-01,
  author        = {I. F. Akyildiz and W. Su and Y. Sankarasubramaniam and E. Cayirci},
  title         = {Wireless Sensor Networks: A Survey},
  journal       = {Comm. ACM},
  volume        = 38,
  number        = "4",
  year          = {2002},
  pages         = "393--422"
}

@article{Akyildiz-02,
  author        = {I. F. Akyildiz and T. Melodia and K. R. Chowdhury},
  title         = {A Survey on Wireless Multimedia Sensor Networks},
  journal       = {Computer Netw.},
  volume        = 51,
  number        = "4",
  year          = {2007},
  pages         = "921--960"
}

@inproceedings{Bahl-02,
  author        = {P. Bahl and R. Chancre and J. Dungeon},
  title         = {{SSCH}: Slotted Seeded Channel Hopping for Capacity Improvement in {IEEE} 802.11 Ad-Hoc Wireless Networks},
  booktitle     = {Proc. of the 10th Int. Conf. on Mobile Computing and Networking (MobiCom'04)},
  publisher     = "ACM",
  address       = "New York, NY",
  year          = {2004},
  pages         = "112--117"
}

@misc{CROSSBOW,
  key       = {CROSSBOW},
  title     = {{XBOW} Sensor Motes Specifications},
  note      = {http://www.xbow.com},
  year      = 2008
}

@article{Culler-01,
  author        = {D. Culler and D. Estrin and M. Srivastava},
  title         = {Overview of Sensor Networks},
  journal       = {IEEE Comput.},
  volume        = 37,
  number        = "8 (Special Issue on Sensor Networks)",
  publisher     = "IEEE",
  address       = "Los Alamitos, CA",
  year          = {2004},
  pages         = "41--49"
}

@misc{Harvard-01,
    key         = {Harvard CodeBlue},
    title       = {{CodeBlue}: Sensor Networks for Medical Care},
    note        = {http://www.eecs.harvard.edu/mdw/ proj/codeblue/},
    year        = 2008
}

@inproceedings{Natarajan-01,
    author      = {A. Natarajan and M. Motani and B. de Silva and K. Yap and K. C. Chua},
    title       = {Investigating Network Architectures for Body Sensor Networks},
    booktitle   = {Network Architectures},
    editor      = {G. Whitcomb and P. Neece},
    publisher   = "Keleuven Press",
    address     = "Dayton, OH",
    year        = {2007},
    pages       = "322--328",
    eprint      = "960935712",
    primaryclass = "cs",
}

@techreport{Tzamaloukas-01,
  author        = {A. Tzamaloukas and J. J. Garcia-Luna-Aceves},
  title         = {Channel-Hopping Multiple Access},
  number =        {I-CA2301},
  institution =   {Department of Computer Science, University of California},
  address =       {Berkeley, CA},
  year          = {2000}
}

@BOOK{Zhou-06,
  author        = {G. Zhou and J. Lu and C.-Y. Wan and M. D. Yarvis and J. A. Stankovic},
  title         = {Body Sensor Networks},
  publisher     = "MIT Press",
  address       = "Cambridge, MA",
  year          = {2008}
}

@mastersthesis{ko94,
author = "Jacob Kornerup",
title = "Mapping Powerlists onto Hypercubes",
school = "The University of Texas at Austin",
note = "(In preparation)",
year = "1994"}
%month = "dec",}

@PhdThesis{gerndt:89,
  author =       "Michael Gerndt",
  title =        "Automatic Parallelization for Distributed-Memory
                  Multiprocessing Systems",
  school =       "University of Bonn",
  year =         1989,
  address =      "Bonn, Germany",
  month =        dec
}

@article{6:1:1,
author = "J. E. {Archer, Jr.} and R. Conway and F. B. Schneider",
title = "User recovery and reversal in interactive systems",
journal = "ACM Trans. Program. Lang. Syst.",
volume =  "6",
number = "1",
month = jan,
year = 1984,
pages = "1--19"}

@article{7:1:137,
author = "D. D. Dunlop and V. R. Basili",
title = "Generalizing specifications for uniformly implemented loops",
journal = "ACM Trans. Program. Lang. Syst.",
volume =  "7",
number = "1",
month = jan,
year = 1985,
pages = "137--158"}

@article{7:2:183,
author = "J. Heering and P. Klint",
title = "Towards monolingual programming environments",
journal = "ACM Trans. Program. Lang. Syst.",
volume =  "7",
number = "2",
month = apr,
year = 1985,
pages = "183--213"}

@book{knuth:texbook,
author = "Donald E. Knuth",
title = "The {\TeX{}book}",
publisher = "Addison-Wesley",
address = "Reading, MA.",
year = 1984}

@article{6:3:380,
author = "E. Korach and D.  Rotem and N. Santoro",
title = "Distributed algorithms for finding centers and medians in networks",
journal = "ACM Trans. Program. Lang. Syst.",
volume =  "6",
number = "3",
month = jul,
year = 1984,
pages = "380--401"}

@book{Lamport:LaTeX,
author = "Leslie Lamport",
title = "\it {\LaTeX}: A Document Preparation System",
publisher = "Addison-Wesley",
address = "Reading, MA.",
year = 1986}

@article{7:3:359,
author = "F. Nielson",
title = "Program transformations in a denotational setting",
journal = "ACM Trans. Program. Lang. Syst.",
volume =  "7",
number = "3",
month = jul,
year = 1985,
pages = "359--379"}

%testing
@BOOK{test,
   author = "Donald E. Knuth",
   title = "Seminumerical Algorithms",
   volume = 2,
   series = "The Art of Computer Programming",
   publisher = "Addison-Wesley",
   address = "Reading, MA",
   edition = "2nd",
   month = "10~" # jan,
   year = "1981",
}

@inproceedings{reid:scribe,
author = "Brian K. Reid",
title = "A high-level approach to computer document formatting",
booktitle = "Proc. of the 7th Annual Symposium on Principles of
  Programming Languages",
month = jan,
year = 1980,
publisher = "ACM",
address = "New York",
pages = "24--31"}

@article{Zhou:2010:MMS:1721695.1721705,
 author = {Zhou, Gang and Wu, Yafeng and Yan, Ting and He, Tian and Huang, Chengdu and Stankovic, John A. and Abdelzaher, Tarek F.},
 title = {A multifrequency MAC specially designed for wireless sensor network applications},
 journal = {ACM Trans. Embed. Comput. Syst.},
 issue_date = {March 2010},
 volume = 9,
 number = 4,
 month = {April},
 year = 2010,
 issn = {1539-9087},
 pages = {39:1--39:41},
 articleno = 39,
 numpages = 41,
 %url = {http://doi.acm.org/10.1145/1721695.1721705},
 doi = {10.1145/1721695.1721705},
 acmid = 1721705,
 publisher = {ACM},
 address = {New York, NY, USA},
 keywords = {Wireless sensor networks, media access control, multi-channel, radio interference, time synchronization},
}


@online{TUGInstmem,
  key =          {TUG},
  year  =        2017,
  title =        "Institutional members of the {\TeX} Users Group",
  %url =          "http://wwtug.org/instmem.html",
  lastaccessed = "May 27, 2017",
}

@online{CTANacmart,
  author =    {Boris Veytsman},
  title =  {acmart---{C}lass for typesetting publications of {ACM}},
  %url =    {http://www.ctan.org/pkg/acmart},
  lastaccessed = {May 27, 2017}
  }

@ARTICLE{bowman:reasoning,
    author = {Bowman, Mic and Debray, Saumya K. and Peterson, Larry L.},
    title = {Reasoning About Naming Systems},
    journal = {ACM Trans. Program. Lang. Syst.},
    volume = {15},
    number = {5},
    pages = {795-825},
    month = {November},
    year = {1993},
    doi = {10.1145/161468.161471},
}

@ARTICLE{braams:babel,
    author = {Braams, Johannes},
    title = {Babel, a Multilingual Style-Option System for Use with LaTeX's Standard Document Styles},
    journal = {TUGboat},
    volume = {12},
    number = {2},
    pages = {291-301},
    month = {June},
    year = {1991},
}

@inproceedings{clark:pct,
  AUTHOR = "Malcolm Clark",
  TITLE = "Post Congress Tristesse",
  BOOKTITLE = "TeX90 Conference Proc.",
  PAGES = "84-89",
  ORGANIZATION = "TeX Users Group",
  MONTH = "March",
  YEAR = {1991}
}

@ARTICLE{herlihy:methodology,
    author = {Herlihy, Maurice},
    title = {A Methodology for Implementing Highly Concurrent Data Objects},
    journal = {ACM Trans. Program. Lang. Syst.},
    volume = {15},
    number = {5},
    pages = {745-770},
    month = {November},
    year = {1993},
    doi = {10.1145/161468.161469},
}

@BOOK{salas:calculus,
  AUTHOR = "S.L. Salas and Einar Hille",
  TITLE = "Calculus: One and Several Variable",
  PUBLISHER = "John Wiley and Sons",
  ADDRESS = "New York",
  YEAR = "1978"
}

@MANUAL{Fear05,
  title =        {Publication quality tables in {\LaTeX}},
  author =       {Simon Fear},
  month =        {April},
  year =         2005,
  note =         {\%url{http://www.ctan.org/pkg/booktabs}}
}

@Manual{Amsthm15,
  title =        {Using the amsthm Package},
  organization = {American Mathematical Society},
  month =        {April},
  year =         2015,
  note =         {\%url{http://www.ctan.org/pkg/amsthm}}
}

@ArtifactSoftware{R,
    title = {R: A Language and Environment for Statistical Computing},
    author = {{R Core Team}},
    organization = {R Foundation for Statistical Computing},
    address = {Vienna, Austria},
    year = {2019},
    %url = {https://www.R-project.org/},
}

@ArtifactDataset{UMassCitations,
 author    =  {Sam Anzaroot and Andrew McCallum},
 title     =  {{UMass} Citation Field Extraction Dataset},
 year      = 2013,
 %url       =
    {http://www.iesl.cs.umass.edu/data/data-umasscitationfield},
 lastaccessed = {May 27, 2019}
}

@Eprint{Bornmann2019,
       author = {Bornmann, Lutz and Wray, K. Brad and Haunschild,
                  Robin},
        title = {Citation concept analysis {(CCA)}---A new form of
                  citation analysis revealing the usefulness of
                  concepts for other researchers illustrated by two
                  exemplary case studies including classic books by
                  {Thomas S.~Kuhn} and {Karl R.~Popper}},
     keywords = {Computer Science - Digital Libraries},
         year = 2019,
        month = "May",
          eid = {arXiv:1905.12410},
archivePrefix = {arXiv},
       eprint = {1905.12410},
 primaryClass = {cs.DL},
}

@Eprint{AnzarootPBM14,
  author    = {Sam Anzaroot and
               Alexandre Passos and
               David Belanger and
               Andrew McCallum},
  title     = {Learning Soft Linear Constraints with Application to
                  Citation Field Extraction},
  year      = {2014},
  archivePrefix = {arXiv},
  eprint    = {1403.1349},
}

@inproceedings{Hagerup1993,
title        = {Maintaining Discrete Probability Distributions Optimally},
author       = {Hagerup, Torben and Mehlhorn, Kurt and Munro, J. Ian},
booktitle    = {Proc. of the 20th Int. Colloquium on Automata, Languages and Programming},
series       = {Lecture Notes in Computer Science},
volume       = {700},
pages        = {253--264},
year         = {1993},
publisher    = {Springer-Verlag},
address      = {Berlin},
}

@MISC{CamaraNeto2011,
      author    = {Vilar {da Camara Neto}},
      title     = {A classe ppgccufmg},
      %url       = {http://vilarneto.com/ppgccufmg},
      year      = {2011}
}

@MISC{Moro2012,
      author    = {Mirella Moura Moro},
      title     = {Como organizar sua tese ou dissertação},
      %url       = {http://homepages.dcc.ufmg.br/~mirella/pdf/monografia.pdf},
      year      = {2012}
}

@MANUAL{SisbiUnipampa2011,
      title           = {Manual de normalização de trabalhos acadêmicos: conforme normas da ABNT},
      editor          = {Cátia Rosana Lemos de Ara\'ujo and Cristiane Pereira Macie and Dilva Carvalho Marques},
      organization    = {Sistema de Bibliotecas da Universidade Federal do Pampa -- UNIPAMPA},
      year            = {2011},
      %url             = {http://porteiras.r.unipampa.edu.br/portais/sisbi/files/2012/09/MANUAL-vers%C3%A3o2011.pdf}
}

@techreport{Kitchenham:2007,
      author        =   {Kitchenham, Barbara and Charters, Stuart},
      bib%url        =   {https://www.bibsonomy.org/bibtex/227b256010a48688388374cf83b619b54/msn},
      id = {3955888},
      institution   =   {Keele University and Durham University Joint Report},
      interhash     =   {aed0229656ada843d3e3f24e5e5c9eb9},
      intrahash     =   {27b256010a48688388374cf83b619b54},
      keywords      =   {research.cs.softeng research.support},
      number        =   {EBSE 2007-001},
      priority      =   {2},
      timestamp     =   {2010-10-18T14:00:32.000+0200},
      title         =   {Guidelines for performing Systematic Literature Reviews in Software Engineering},
      year          =   {2007},
      address       =   {Keele/Durham, England},
}

@article{Kitchenham:2011,
     author     =   {Kitchenham, Barbara A. and Budgen, David and Pearl Brereton, O.},
     title      =   {Using Mapping Studies As the Basis for Further Research - A Participant-observer Case Study},
     journal    =   {Inf. Softw. Technol.},
     issue_date =   {June, 2011},
     volume     =   {53},
     number     =   {6},
     month      =   jun,
     year       =   {2011},
     issn       =   {0950-5849},
     pages      =   {638--651},
     numpages   =   {14},
     publisher  =   {Butterworth-Heinemann},
     address    =   {Newton, MA, USA},
}

@book{Wexelblat:1978,
     editor     =   {Wexelblat, Richard L.},
     title      =   {History of Programming Languages},
     year       =   {1981},
     publisher  =   {ACM},
     address    =   {New York, NY, USA},
} 

@book{Nardi:1993,
     author     =   {Nardi, Bonnie A.},
     title      =   {A  Small Matter of Programming: Perspectives on End User Computing},
     year       =   {1993},
     edition    =   {1st},
     publisher  =   {MIT Press},
     address    =   {Cambridge, MA, USA},
} 

@book{Bergin:1996,
     editor     =   {Bergin,Jr., Thomas J. and Gibson,Jr., Richard G.},
     title      =   {History of Programming languages---II},
     year       =   {1996},
     publisher  =   {ACM},
     address    =   {New York, NY, USA},
} 

@book{Fowler:2010,
     author     =   {Fowler, Martin},
     title      =   {Domain Specific Languages},
     year       =   {2010},
     edition    =   {1st},
     publisher  =   {Addison-Wesley Professional},
     address    =   {London,England},
} 

@article{Fowler:2005,
     author        =   {Fowler, Martin},
     description   =   {Language Workbenches: The Killer-App for Domain Specific Languages?},
     keywords      =   {domain dsl fowler imported programming workbench},
     title         =   {Language Workbenches: The Killer-App for Domain Specific Languages?},
     %url           =   {http://www.martinfowler.com/articles/languageWorkbench.html},
     year          =   {2005}
}


@inproceedings{Backus:1959,
     added-at      = {2002-01-03T00:00:00.000+0100},
     author        = {Backus, John W.},
     booktitle     = {IFIP Congress},
     date = {2002-01-03},
     description   = {dblp},
     intrahash     = {4b7c6cb9169134e6f628a8c6d0c8e757},
     keywords      = {dblp},
     pages         = {125-131},
     publisher     =  {Int. Business Machines Corp.},
     timestamp     = {2002-01-03T00:00:00.000+0100},
     title         = {The syntax and semantics of the proposed international algebraic language of the Zurich ACM-GAMM Conference.},
     %url           = {http://dblp.uni-trier.de/db/conf/ifip/ifip1959.html#Backus59},
     year          = {1959}
}

@incollection{Ross:1978,
     author     = {Ross, Douglas T.},
     chapter    = {Origins of the APT Language for Automatically Programmed Tools},
     title      = {History of Programming Languages},
     editor     = {Wexelblat, Richard L.},
     year       = {1981},
     pages      = {279--338},
     numpages   = {60},
     %url        = {http://doi.acm.org/10.1145/800025.1198374},
     doi        = {10.1145/800025.1198374},
     acmid      = {1198374},
     publisher  = {ACM},
     address    = {New York, NY, USA},
} 


@article{Mernik:2005,
     author     = {Mernik, Marjan and Heering, Jan and Sloane, Anthony M.},
     title      = {When and How to Develop Domain-specific Languages},
     journal    = {ACM Comput. Surv.},
     issue_date = {December 2005},
     volume     = {37},
     number     = {4},
     month      = dec,
     year       = {2005},
     pages      = {316--344},
     numpages   = {29},
     %url        = {http://doi.acm.org/10.1145/1118890.1118892},
     doi        = {10.1145/1118890.1118892},
     acmid      = {1118892},
     publisher  = {ACM},
     address    = {New York, NY, USA},
     keywords   = {Domain-specific language, application language, domain analysis, language development system},
} 


@book{Martin:1982,
     author     = {Martin, James},
     title      = {Application Development Without Programmers},
     year       = {1982},
     publisher  = {Prentice Hall PTR},
     address    = {Upper Saddle River, NJ, USA},
} 

@article{Sammet:1972,
     author     = {Sammet, Jean E.},
     title      = {Programming Languages: History and Future},
     journal    = {Commun. ACM},
     issue_date = {July 1972},
     volume     = {15},
     number     = {7},
     month      = jul,
     year       = {1972},
     pages      = {601--610},
     numpages   = {10},
     %url        = {http://doi.acm.org/10.1145/361454.361485},
     doi        = {10.1145/361454.361485},
     acmid      = {361485},
     publisher  = {ACM},
     address    = {New York, NY, USA},
     keywords   = {future directions, high level languages, history, language interrelationships, languages, programming language future, programming language history, programming language tree, programming languages},
} 

@inproceedings{Bailey:2007, 
     author      = {J. {Bailey} and D. {Budgen} and M. {Turner} and B. {Kitchenham} and P. {Brereton} and S. {Linkman}}, 
     booktitle   = {1st Int. Symposium on Empirical Software Engineering and Measurement (ESEM 2007)}, 
     title       = {Evidence relating to Object-Oriented software design: A survey}, 
     year        = {2007}, 
     volume      = {},
     address     = {Madrid, Spain},
     publisher   = {IEEE},
     number      = {}, 
     pages       = {482-484}, 
     doi         = {10.1109/ESEM.2007.58}, 
     month       = {Sep.},
}

@article{vanDeursen:2000,
     author     = {van Deursen, Arie and Klint, Paul and Visser, Joost},
     title      = {Domain-specific Languages: An Annotated Bibliography},
     journal    = {SIGPLAN Not.},
     issue_date = {June 2000},
     volume     = {35},
     number     = {6},
     month      = jun,
     year       = {2000},
     pages      = {26--36},
     numpages   = {11},
     %url        = {http://doi.acm.org/10.1145/352029.352035},
     doi        = {10.1145/352029.352035},
     acmid      = {352035},
     publisher  = {ACM},
     address    = {New York, NY, USA},
} 

@book{Nakagawa:2017,
      title     = {Revis{\~a}o Sistem{\'a}tica da Literatura em Engenharia de Software: Teoria e Pr{\'a}tica},
      author    = {Nakagawa, E.Y. and Scannavino, K.R.F. and Fabbri, S.C.P.F. and Ferrari, F.C.},
      year      = {2017},
      publisher = {Elsevier Editora Ltda.},
      address   = {Rio de Janeiro, RJ, Brasil},
}

@inproceedings{Petersen:2008,
      title     = {Systematic Mapping Studies in Software Engineering.},
      author    = {Petersen, Kai and Feldt, Robert and Mujtaba, Shahid and Mattsson, Michael},
      booktitle = {EASE'08: Proceedings of the 12th international conference on Evaluation and Assessment in Software Engineering},
      volume    = {8},
      pages     = {68--77},
      year      = {2008},
      address   = {Swindon, UK},
      publisher = {BCS Learning & Development Ltd.}
}

@book{Heuser:2009,
      title     = {{Projeto de Banco de Dados}},
      author    = {Carlos A. Heuser},
      year      = {2009},
      publisher = {Bookman},
      address = {Porto Alegre, RS, Brasil},
}

@book{Date:2003,
    author = {Date, C.J.},
    title = {{An Introduction to Database Systems}},
    year = {2003},
    isbn = {0321197844},
    publisher = {Addison-Wesley},
    address = {USA},
    edition = {8},
}

@inproceedings{Chamberlin:1974,
     author     = {Chamberlin, Donald D. and Boyce, Raymond F.},
     title      = {SEQUEL: A Structured English Query Language},
     booktitle  = {Proc. of the 1974 ACM SIGFIDET (Now SIGMOD) Workshop on Data Description, Access and Control},
     series     = {SIGFIDET '74},
     year       = {1974},
     location   = {Ann Arbor, Michigan},
     pages      = {249--264},
     numpages   = {16},
     acmid      = {811515},
     publisher  = {ACM},
     address    = {New York, NY, USA},
     keywords   = {Data Base Management Systems, Data Manipulation Languages, Information Retrieval, Query Languages},
} 

@article{DBLP:1975, 
    author      = {ANSI, American National Standards Institute},
    title       = {Interim Report: {ANSI/X3/SPARC} Study Group on Data Base Management Systems 75-02-08}, 
    journal     = {{FDT} - Bulletin of {ACM} {SIGMOD}}, 
    volume      = {7}, 
    number      = {2}, 
    pages       = {1--140}, 
    year        = {1975}
}

@article{Chen:1976,
     author     = {Chen, Peter Pin-Shan},
     title      = {The Entity-relationship Model\&Mdash;Toward a Unified View of Data},
     journal    = {ACM Trans. Database Syst.},
     issue_date = {March 1976},
     volume     = {1},
     number     = {1},
     month      = mar,
     year       = {1976},
     pages      = {9--36},
     numpages   = {28},
     acmid      = {320440},
     publisher  = {ACM},
     address    = {New York, NY, USA},
     keywords   = {Data Base Task Group, data definition and manipulation, data integrity and consistency, data models, database design, entity set model, entity-relationship model, logigcal view of data, network model, relational model, semantics of data},
} 

@book{Cougo:2013,
     title      = {Modelagem conceitual e projeto de banco de dados},
     author     = {Cougo, P.},
     year       = {2013},
     publisher  = {Elsevier Editora Ltda.},
     address    = {Rio de Janeiro, RJ, Brasil},
}

@book{West:2011,
     title      = {Developing High Quality Data Models},
     author     = {West, M.},
     year       = {2011},
     publisher  = {Elsevier Science},
     address    = {Amsterdam, Netherlands},
}

@article{Peffers:2007,
     author     = {Peffers, Ken and Tuunanen, Tuure and Rothenberger, Marcus and Chatterjee, Samir},
     title      = {A Design Science Research Methodology for Information Systems Research},
     journal    = {J. Manage. Inf. Syst.},
     issue_date = {Number 3 / Winter 2007-2008},
     volume     = {24},
     number     = {3},
     month      = dec,
     year       = {2007},
     pages      = {45--77},
     numpages   = {33},
     publisher  = {M. E. Sharpe, Inc.},
     address    = {Armonk, NY, USA},
} 

@inproceedings{Celikovic:2014,
     author        = {Milan Celikovic and Vladimir Dimitrieski and Slavica Aleksic and Sonja Ristic and Ivan Lukovic},
     title         = {A {DSL} for {EER} Data Model Specification},
     booktitle     = {23rd Int. Conf. on Information Systems Development},
     numpages      = {8},
     pages         = {290--297},
     year          = {2014},
     publisher     = {Springer},
     address       = {Vara{\v{z}}din, Croatia},
}

@inproceedings{Tian:2006,
     author         = {Tian, Hao and Sunderraman, Rajshekhar and Calin-Jageman, Robert and Yang, Hong and Zhu, Ying and Katz, Paul S.},
     title          = {NeuroQL: A Domain-specific Query Language for Neuroscience Data},
     booktitle      = {Proc. of the Int. Conf. on Current Trends in Database Technology},
     series         = {EDBT'06},
     year           = {2006},
     location       = {Munich, Germany},
     pages          = {613--624},
     numpages       = {12},
     %url            = {http://dx.doi.org/10.1007/11896548_46},
     doi            = {10.1007/11896548_46},
     acmid          = {2166188},
     publisher      = {Springer-Verlag},
     address        = {Berlin, Heidelberg, Germany},
} 

@article{Shipman:1981,
     author         = {Shipman, David W.},
     title          = {The Functional Data Model and the Data Languages DAPLEX},
     journal        = {ACM Trans. Database Syst.},
     issue_date     = {March 1981},
     volume         = {6},
     number         = {1},
     month          = mar,
     year           = {1981},
     pages          = {140--173},
     numpages       = {34},
     %url            = {http://doi.acm.org/10.1145/319540.319561},
     doi            = {10.1145/319540.319561},
     acmid          = {319561},
     publisher      = {ACM},
     address        = {New York, NY, USA},
     keywords       = {database, functional data model, language},
} 

@article{Mazairac:2013,
     author         = {Mazairac, Wiet and Beetz, Jakob},
     title          = {BIMQL - An Open Query Language for Building Information Models},
     journal        = {Adv. Eng. Inform.},
     issue_date     = {October, 2013},
     volume         = {27},
     number         = {4},
     month          = oct,
     year           = {2013},
     pages          = {444--456},
     numpages       = {13},
     %url            = {http://dx.doi.org/10.1016/j.aei.2013.06.001},
     doi            = {10.1016/j.aei.2013.06.001},
     acmid          = {2561208},
     publisher      = {Elsevier Science Publishers B. V.},
     address        = {Amsterdam, The Netherlands, The Netherlands},
     keywords       = {BIM, BIMQL, Building information model server, Domain Specific Language, IFC, Query Language},
}

%address        = {Amsterdam, The Netherlands},
@article{Dimitrieski:2015,
     author         = {Dimitrieski, Vladimir and \v{C}elikovi\'{c}, Milan and Aleksi\'{c}, Slavica and Risti\'{c}, Sonja and Alargt, Abdalla and Lukovi\'{c}, Ivan},
     title          = {Concepts and Evaluation of the Extended Entity-relationship Approach to Database Design in a Multi-paradigm Information System Modeling Tool},
     journal        = {Comput. Lang. Syst. Struct.},
     volume         = {44},
     year           = {2015},
     pages          = {299--318},
     numpages       = {20},
     acmid          = {2852433},
     publisher      = {Elsevier}
} 

@article{Ayadi:2016,
     author    = {Mouhamed Gaith Ayadi and Riadh Bouslimi and Jalel Akaichi},
     title     = {A framework for medical and health care databases and data warehouses conceptual modeling support},
     journal   = {NetMAHIB},
     volume    = {5},
     number    = {1},
     pages     = {13},
     year      = {2016}
}
@article{Jagannathan:1988,
     author     = {Jagannathan, D. and Fritchman, B. L. and Guck, R. L. and Thompson, J. P. and Tolbert, D. M.},
     title      = {SIM: A Database System Based on the Semantic Data Model},
     journal    = {SIGMOD Rec.},
     issue_date = {June 1988},
     volume     = {17},
     number     = {3},
     month      = jun,
     year       = {1988},
     pages      = {46--55},
     numpages   = {10},
     acmid      = {50207},
     publisher  = {ACM},
     address    = {New York, NY, USA},
} 

@article{Hammer:1981,
     author     = {Hammer, Michael and Mc Leod, Dennis},
     title      = {Database Description with SDM: A Semantic Database Model},
     journal    = {ACM Trans. Database Syst.},
     issue_date = {Sept. 1981},
     volume     = {6},
     number     = {3},
     month      = sep,
     year       = {1981},
     pages      = {351--386},
     numpages   = {36},
     acmid      = {319588},
     publisher  = {ACM},
     address    = {New York, NY, USA},
     keywords   = {database definition, database management, database modeling, database models, database semantics, logical database design},
} 

@article{Litwin:1989,
     author         = {Litwin, W. and Abdellatif, A. and Zeroual, A and Nicolas, B. and Vigier, Ph.},
     title          = {MSQL: A Multidatabase Language},
     journal        = {Inf. Sci.},
     issue_date     = {Oct.-Dec. 1989},
     volume         = {49},
     number         = {1-3},
     month          = oct,
     year           = {1989},
     pages          = {59--101},
     numpages       = {43},
     acmid          = {73445},
     publisher      = {Elsevier Science Inc.},
     address        = {New York, NY, USA},
} 

@inproceedings{Kersten:2011,
     author         = {Kersten, M. and Zhang, Y. and Ivanova, M. and Nes, N.},
     title          = {SciQL, a Query Language for Science Applications},
     booktitle      = {Proc. of the EDBT/ICDT 2011 Workshop on Array Databases},
     series         = {AD '11},
     year           = {2011},
     location       = {Uppsala, Sweden},
     pages          = {1--12},
     numpages       = {12},
     acmid          = {1966896},
     publisher      = {ACM},
     address        = {New York, NY, USA},
} 

@inproceedings{Vagner:2018,
     author         = {V\'{a}gner, Anik\'{o}},
     title          = {Store and Visualize EER in Neo4J},
     booktitle      = {Proc. of the 2nd Int. Symposium on Computer Science and Intelligent Control},
     series         = {ISCSIC '18},
     year           = {2018},
     location       = {Stockholm, Sweden},
     pages          = {54:1--54:6},
     articleno      = {54},
     numpages       = {6},
     acmid          = {3284694},
     publisher      = {ACM},
     address        = {New York, NY, USA},
     keywords       = {Database Modeling, Enhanced Entity-Relationship (EER) Model, Graph Database},
} 

@article{Bogdanova:2019,
      author    = {Daria Bogdanova and Monique Snoeck},
      title     = {CaMeLOT: An educational framework for conceptual data modelling},
      journal   = {Information {\&} Software Technology},
      volume    = {110},
      pages     = {92--107},
      year      = {2019}
}

@article{Ribic:2018,
      author    = {Samir Ribic and Razija Turcinhodzic and Amela Muratovic{-}Ribic and Tomaz Kosar},
      title     = {{REDOSPLAT:} {A} readable domain-specific language for timetabling requirements definition},
      journal   = {Computer Languages, Systems {\&} Structures},
      volume    = {54},
      pages     = {252--272},
      year      = {2018}
}

@inproceedings{Morgan:2018,
      author    = {Rebecca Morgan and Georg Grossmann and Michael Schrefl and Markus Stumptner an Timothy Payne},
      title     = {VizDSL: {A} Visual {DSL} for Interactive Information Visualization},
      booktitle = {CAiSE},
      series    = {Lecture Notes in Computer Science},
      volume    = {10816},
      pages     = {440--455},
      publisher = {Springer},
      year      = {2018}
}

@inproceedings{Karakonda:1990,
     author     = {Karakonda, Sree R. K.},
     title      = {An Entity-relationship Approach to the Implementation of Frame-based Systems},
     booktitle  = {Proc. of the 1990 ACM SIGBDP Conference on Trends and Directions in Expert Systems},
     series     = {SIGBDP '90},
     year       = {1990},
     location   = {Orlando, Florida, USA},
     pages      = {651--660},
     numpages   = {10},
     acmid      = {97760},
     publisher  = {ACM},
     address    = {New York, NY, USA},
} 

@article{Zhang:2016,
      author    = {Fu Zhang and Z. M. Ma and Jingwei Cheng},
      title     = {Enhanced entity-relationship modeling with description logic},
      journal   = {Knowl.-Based Syst.},
      volume    = {93},
      pages     = {12--32},
      year      = {2016}
}

@inproceedings{Schuler:2018,
     author     = {Schuler, Robert E. and Kesselman, Carl},
     title      = {Towards an Efficient and Effective Framework for the Evolution of Scientific Databases},
     booktitle  = {Proc. of the 30th Int. Conf. on Scientific and Statistical Database Management},
     series     = {SSDBM '18},
     year       = {2018},
     location   = {Bozen-Bolzano, Italy},
     pages      = {27:1--27:4},
     articleno  = {27},
     numpages   = {4},
     acmid      = {3221300},
     publisher  = {ACM},
     address    = {New York, NY, USA},
     keywords   = {database evolution, relational algebra, schema evolution, scientific data management},
} 

@article{Schmidt:2006,
    author     = {Schmidt, Douglas C.},
    title      = {Guest Editor's Introduction: Model-Driven Engineering},
    journal    = {Computer},
    issue_date = {February 2006},
    volume     = {39},
    number     = {2},
    month      = feb,
    year       = {2006},
    pages      = {25--31},
    numpages   = {7},
    acmid      = {1115706},
    publisher  = {IEEE Computer Society Press},
    address    = {Los Alamitos, CA, USA},
} 

@book{Sommerville:2015,
    author = {Sommerville, Ian},
    title = {Software Engineering},
    year = {2015},
    isbn = {0133943038},
    publisher = {Pearson},
    address = {London, UK},
    edition = {10th},
}

@book{Martelli:2018,
    title     = {Modelagem e banco de dados},
    author    = {Martelli, R. and Filho, O.V.S. and de Lima Cabral, A.},
    series    = {Inform{\'a}tica},
    year      = {2018},
    publisher = {Editora Senac S{\~a}o Paulo},
    address   = {S{\~a}o Paulo, SP, Brasil},
}

@book{Bailer:2009,
      title     = {Scientific Models in Philosophy of Science},
      author    = {Bailer-Jones, D.M.},
      lccn      = {2009013157},
      %url       = {https://books.google.com.br/books?id=avur50J7UecC},
      year      = {2009},
      publisher = {University of Pittsburgh Press}
}

@book{MS:2013,
     author     = {Information Resources Management Association},
     title      = {Software Design and Development: Concepts, Methodologies, Tools, and Applications},
     year       = {2013},
     edition    = {1st},
     publisher  = {IGI Global},
     address    = {Hershey, PA, USA},
} 

@book{Brambilla:2017,
      author    = {Marco Brambilla and Jordi Cabot and Manuel Wimmer},
      title     = {Model-Driven Software Engineering in Practice, Second Edition},
      series    = {Synthesis Lectures on Software Engineering},
      publisher = {Morgan {\&} Claypool},
      year      = {2017}
}

@inproceedings{Garousi:2016,
     author     = {Garousi, Vahid and Felderer, Michael and M\"{a}ntyl\"{a}, Mika V.},
     title      = {The Need for Multivocal Literature Reviews in Software Engineering: Complementing Systematic Literature Reviews with Grey Literature},
     booktitle  = {Proc. of the 20th Int. Conf. on Evaluation and Assessment in Software Engineering},
     series     = {EASE '16},
     year       = {2016},
     location   = {Limerick, Ireland},
     pages      = {26:1--26:6},
     articleno  = {26},
     numpages   = {6},
     %url        = {http://doi.acm.org/10.1145/2915970.2916008},
     doi        = {10.1145/2915970.2916008},
     acmid      = {2916008},
     publisher  = {ACM},
     address    = {New York, NY, USA},
     keywords   = {MLR, SLR, empirical software engineering, grey literature, multivocal literature reviews, research methodology, systematic literature reviews},
} 

@book{Wohlin:2012,
     author     = {Wohlin, Claes and Runeson, Per and Hst, Martin and Ohlsson, Magnus C. and Regnell, Bjrn and Wessln, Anders},
     title      = {{Experimentation in Software Engineering}},
     year       = {2012},
     publisher  = {Springer},
     address    = {London, England},
}

@inproceedings{Kontio:2004,
     author      = {J. {Kontio} and L. {Lehtola} and J. {Bragge}},
     booktitle   = {Proc. Int. Symposium on Empirical Software Engineering},
     title       = {Using the focus group method in software engineering: obtaining practitioner and user experiences},
     year        = {2004},
     volume      = {},
     number      = {},
     pages       = {271-280},
     doi         = {10.1109/ISESE.2004.1334914},
     ISSN        = {},
     month       = {Aug},
}

@Inbook{Kontio:2008,
     author         = {Kontio, Jyrki and Bragge, Johanna and Lehtola, Laura},
     editor         = {Shull, Forrest and Singer, Janice and Sj{\o}berg, Dag I. K.},
     title          = {The Focus Group Method as an Empirical Tool in Software Engineering},
     bookTitle      = {Guide to Advanced Empirical Software Engineering},
     year           = {2008},
     publisher      = {Springer London},
     address        = {London},
     pages          = {93--116},
     isbn           = {978-1-84800-044-5},
     doi            = {10.1007/978-1-84800-044-5_4},
     %url            = {https://doi.org/10.1007/978-1-84800-044-5_4}
}

@book{Cook:1979,
     title          = {{Quasi-Experimentation: Design and Analysis Issues for Field Settings}},
     author         = {Cook, Thomas D. and Campbell, D. T.},
     year           = {1979},
     language       = {English},
     publisher      = {Houghton Mifflin},
     address        = {Chicago, IL, USA},
}

@MISC{Dybka:2014,
     author      = {Patrycja Dybka},
     title       = {{ERD Notations in Data Modeling}},
     %url         = {https://www.vertabelo.com/blog/technical-articles/comparison-of-erd-notations},
     year        = {2014}
}

@book{Barker:1990,
      author        = {Richard Barker},
      title         = {{CASE} method - entity relationship modelling},
      series        = {Computer aided systems engineering},
      publisher     = {Addison-Wesley},
      address       = {Wokingham, England},
      year          = {1990}
}

@book{Wazlawick:2017,
      title         = {{Metodologia de Pesquisa para Ci{\^e}ncia da Computa{\c{c}}{\~a}o}},
      author        = {Wazlawick, R.},
      year          = {2017},
      publisher     = {Elsevier Editora Ltda.}
}

@book{Prodanov:2013,
      title         = {{Metodologia do Trabalho Cient{\'\i}fico: M{\'e}todos e T{\'e}cnicas da Pesquisa e do Trabalho Acad{\^e}mico - 2{\textordfeminine} Edi{\c{c}}{\~a}o}},
      author        = {Cleber Cristiano Prodanov and Ernani Cesar de Freitas},
      year          = {2013},
      publisher     = {Editora Feevale},
      address       = {Novo Hamburgo, RS, Brasil}
}

@book{Kleppe:2003,
      title         = {MDA Explained: The Model Driven Architecture : Practice and Promise},
      author        = {Kleppe, A.G. and Warmer, J. and Warmer, J.B. and Bast, W.},
      lccn          = {2003043725},
      series        = {Object technology},
      year          = {2003},
      publisher     = {Addison-Wesley Longman Publishing Co., Inc.},
      address       = {Boston, MA, USA}
}

@phdthesis{Frantz:2012,
      author       = {Zancan Frantz, Rafael}, 
      title        = {Enterprise Application Integration: An Easy-to-Maintain Model-Driven Engineering Approach},
      school       = {Universidad de Sevilla. Departamento de Lenguajes y Sistemas Informáticos},
      year         = 2012,
      note         = {Doctoral Thesis}
}

@inproceedings{Wachsmuth:2014, 
     author      = {G. H. {WACHSMUTH} and G. D. P. {KONAT} and E. {VISSER}}, 
     journal     = {IEEE Software}, 
     title       = {Language Design with the Spoofax Language Workbench}, 
     year        = {2014}, 
     volume      = {31}, 
     number      = {5}, 
     pages       = {35-43}, 
     month       = {Sep.},
     publisher   = {IEEE},
     booktitle   = {IEEE Software}
}

%url={https://www.obeodesigner.com/resource/white-paper/WhitePaper_XtextSirius_EN.pdf},
@techreport{XtextSirius:2020,
    author      = {Obeo and TypeFox},
    title       = {Xtext/Sirius - Integration The Main Use-Cases},
    month       = {May}, 
    year        = {2020},
    institution = {Obeo and TypeFox}
}

@book{Matthew:2005,
    author     = {Matthew, Neil and Stones, Richard},
    title      = {Beginning Databases With Postgresql: From Novice To Professional (Beginning from Novice to Professional)},
    year       = {2005},
    isbn       = {1590594789},
    publisher  = {Apress},
    address    = {Berkely, CA, USA},
} 

@book{Ramakrishnan:2002,
     author     = {Ramakrishnan, Raghu and Gehrke, Johannes},
     title      = {Database Management Systems},
     year       = {2003},
     isbn       = {0072465638, 9780072465631},
     edition    = {3},
     publisher  = {McGraw-Hill, Inc.},
     address    = {New York, NY, USA},
} 

@article{Garousi:2019,
      author    = {{Garousi, V. and Felderer, M. and M{\"{a}}ntyl{\"{a}}}, M. V.},
      title     = {Guidelines for including grey literature and conducting multivocal literature reviews in software engineering},
      journal   = {Information {\&} Software Technology},
      volume    = {106},
      pages     = {101--121},
      year      = {2019},
      %url       = {https://doi.org/10.1016/j.infsof.2018.09.006},
      doi       = {10.1016/j.infsof.2018.09.006},
      timestamp = {Wed, 26 Dec 2018 19:51:51 +0100},
      bib%url    = {https://dblp.org/rec/bib/journals/infsof/GarousiFM19},
      bibsource = {dblp computer science bibliography, https://dblp.org}
}

@article{Codd:1970,
     author     = {Codd, E. F.},
     title      = {A Relational Model of Data for Large Shared Data Banks},
     journal    = {Commun. ACM},
     issue_date = {June 1970},
     volume     = {13},
     number     = {6},
     month      = jun,
     year       = {1970},
     issn       = {0001-0782},
     pages      = {377--387},
     numpages   = {11},
     acmid      = {362685},
     publisher  = {ACM},
     address    = {New York, NY, USA},
} 


@MASTERSTHESIS{Ameller:2009,
      author    = {David Ameller},
      title     = {{Considering Non-Functional Requirements in Model-Driven Engineering}},
      school    = {{Llenguatges i Sistemes Inform\`atics (LSI)}},
      year      = {2009},
      month     = {June},
      %url       = {http://upcommons.upc.edu/pfc/handle/2099.1/7192}
}

@MASTERSTHESIS {Faveri:2013,
        author  = {Cristiano de Faveri},
        title   = {Uma Linguagem Específica de Domínio para Consulta em Código Orientado a Aspectos},
        school  = {Universidade Federal de Santa Maria},
        year    = {2013},
        month   = {aug},
}

@inproceedings {Salgado:1995,
        author    = {Ana Carolina Salgado and Claudia Bauzer Medeiros},
        title     = {Ensino de Banco de Dados},
        booktitle = {Anais do Workshop de Informática na Escola},
        year      = {1995},
}

@book{Elmasri:2011,
      title     =   {Sistemas de Banco de Dados},
      author    =   {Elmasri, R. and Navathe, S.B.},
      isbn      =   {9788579360855},
      year      =   {2011},
      publisher =   {Pearson Universidades},
      address   =   {Franca, SP, Brasil},
}

@book{Date:1990,
      title     =   {Relational database writings, 1985-1989},
      author    =   {Date, C.J. and Warden, A.},
      number    =   {v. 1},
      isbn      =   {9780201508819},
      lccn      =   {lc89017571},
      series    =   {Relational database / C.J. Date},
      year      =   {1990},
      publisher =   {Addison-Wesley Longman Publishing Co.},
      address   =   {Boston, MA, USA},
}

@book{Silberschatz:1999,
      title     =   {Sistema de bancos de dados},
      author    =   {Silberschatz, A. and Korth, H.F. and Sudarshan, S.},
      isbn      =   {9788534610735},
      year      =   {1999},
      publisher =   {Makron Books},
      address   =   {S{\~a}o Paulo, SP, Brasil},
}

@book{Krishna:1992,
      title     =   {Introduction to Database and Knowledge-base Systems},
      author    =   {Krishna, S.},
      isbn      =   {9789810206192},
      lccn      =   {lc92002759},
      series    =   {Computer Science Series},
      year      =   {1992},
      publisher =   {World Scientific},
      address   =   {Singapore},
}

@book{Jurafsky:2009,
     author     = {Jurafsky, Daniel and Martin, James H.},
     title      = {Speech and Language Processing (2Nd Edition)},
     year       = {2009},
     isbn       = {0131873210},
     publisher  = {Prentice-Hall, Inc.},
     address    = {Upper Saddle River, NJ, USA},
} 

@book{Linz:2016,
      title     =   {An Introduction to Formal Languages and Automata},
      author    =   {Peter Linz},
      isbn      =   {9781284077247},
      lccn      =   {2015023479},
      series    =   {G - Reference,Information and Interdisciplinary Subjects Series},
      %url       =   {https://books.google.com.br/books?id=pDaUCwAAQBAJ},
      year      =   {2016},
      publisher =   {Jones \& Bartlett Learning}
}

@book{Edelweiss:2014,
      title         =   {Algoritmos e Programa{\c{c}}{\~a}o com Exemplos em Pascal e C: S{\'e}rie Livros Did{\'a}ticos UFRGS - Volume 23},
      author        =   {Edelweiss, N. and Livi, M.A.C.},
      isbn          =   {9788582601907},
      series        =   {23},
      %url           =   {https://books.google.com.br/books?id=nTOpAwAAQBAJ},
      year          =   {2014},
      publisher     =   {Bookman Editora}
}

@PHDTHESIS{Bernardino:2016,
 	author      =    {Maicon Bernardino da Silveira},
 	title       = {Canopus : a domain-specific language for modeling performance testing},
 	year        = {2016},
 	%url         = "http://tede2.pucrs.br/tede2/handle/tede/6861",
 	publisher   = {Pontifícia Universidade Católica do Rio Grande do Sul},
 	scholl      = {Programa de Pós-Graduação em Ciência da Computação},
 	note        = {Pontifícia Universidade Católica do Rio Grande do Sul}
}

@book{Triola:2017,
      title         = {Introdu{\c{c}}{\~a}o {\`a} Estat{\'\i}stica},
      author        = {Triola, M.F.},
      isbn          = {9788521633747},
      year          = {2017},
      publisher     = {GEN - LTC},
      address   = {S{\~a}o Paulo, SP, Brasil},
}

@article{Davis:1989,
	title = {Perceived {Usefulness}, {Perceived} {Ease} of {Use}, and {User} {Acceptance} of {Information} {Technology}},
	volume = {13},
	issn = {02767783},
	number = {3},
	journal = {Management Inf. Systems Quarterly},
	author = {Davis, Fred D.},
	year = {1989},
	pages = {319--340}
}

@misc{dbdiagram.io:2020,
    author = {{Holistcs Software}},
    title = {dbdiagram.io},
    %url = {https://dbdiagram.io/},
    note = {https://dbdiagram.io/},
    lastaccessed = {May 20, 2020},
    month = {may},
    year = {2020}
}

@misc{QuickDBD:2020,
    author = {{Dovetail Technologies Ltd}},
    title = {{QuickDBD}},
    %url = {https://quickdatabasediagrams.com/},
    note = {https://quickdatabasediagrams.com/},
    lastaccessed = {May 20, 2020},
    month = {may},
    year = {2020},
}

@misc{RelaX:2020,
    author = {Johannes Kessler and Michael Tschuggnall
and Günther Specht},
    title = {{RelaX: A Webbased Execution and Learning Tool for Relational Algebra}},
    %url = {https://dbis-uibk.github.io/relax/},
    note = {https://dbis-informatik.uibk.ac.at/sites/default/files/2019-03/2019-BTW-Relax.pdf},
    year = {2020}
}

%address   = {Bonn, Germany},
%volume    = {289},
@inproceedings{Kessler:2019,
  author    = {Johannes Kessler and
               Michael Tschuggnall and
               G{\"{u}}nther Specht},
  title     = {RelaX: {A} Webbased Execution and Learning Tool for Relational Algebra},
  booktitle = {Datenbanksysteme f{\"{u}}r Business, Technologie und Web},
  pages     = {503--506},
  publisher = {Gesellschaft f{\"{u}}r Informatik},
  year      = {2019}
}

@article{krueger:2002,
  title={{Designing and Conducting Focus Group Interviews}},
  author={Krueger, Richard A and Casey, Mary Anne},
  journal={Social analysis, selected tools and techniques},
  volume={4},
  number={23},
  pages={4--24},
  year={2002},
  publisher={Social Development Department, World Bank Washington, DC}
}

@article{Aldmour:2010,
  title={A cognitive apprenticeship based approach to teaching relational database analysis and design},
  author={Al-Dmour, Ayman},
  journal={Inf. \& Comp. Science},
  volume={7},
  number={12},
  pages={2495--2502},
  year={2010}
}

@article{Connolly:2006,
  title={A Constructivist-Based Approach to Teaching Database Analysis and Design},
  author={Connolly, Thomas M and Begg, Carolyn E},
  journal={Information Systems Education},
  volume={17},
  number={1},
  numpages={12},
  pages={43--54},
  year={2006}
}

@article{Das:2016,
  title={A brief review of tests for normality},
  author={Das, Keya Rani and Imon, AHMR},
  journal={American Journal of Theoretical and Applied Statistics},
  volume={5},
  number={1},
  pages={5--12},
  year={2016},
  publisher={Science Publishing Group}
}

@article{Xu:2017,
  title={The differences and similarities between two-sample t-test and paired t-test},
  author={Xu, Manfei and Fralick, Drew and Zheng, Julia Z and Wang, Bokai and Tu, Xin M and Feng, Changyong},
  journal={Shanghai archives of psychiatry},
  volume={29},
  number={3},
  pages={184},
  year={2017},
  publisher={Shanghai Mental Health Center}
}

@article{Persico:2014,
  title={Adapting the Technology Acceptance Model to evaluate the innovative potential of e-learning systems},
  author={Persico, Donatella and Manca, Stefania and Pozzi, Francesca},
  journal={Computers in Human Behavior},
  volume={30},
  pages={614--622},
  year={2014},
  publisher={Elsevier}
}

%address = "Portoro{\v{z}}, Slovenia",
@inproceedings{Derczynski:2016,
    title = "Complementarity, F-score, and {NLP} Evaluation",
    author = "Derczynski, Leon",
    booktitle = {10th Int. Conf. on Language Resources and Evaluation},
    month = may,
    publisher = "ELRA",
    pages = "261--266",
    year = "2016",
}

@techreport{ISO25010,
  title = {{ISO/IEC} 25010 System and software quality models},
  author = {{ISO/IEC}},
  institution = {{ISO/IEC}},
  publisher = {ISO/IEC},
  %url = {https://www.iso.org/standard/35733.html},
  year = {2010}
}

%address = {New York, USA}
@BOOK{Kelly08,
    author = {Steven Kelly and Juha-Pekka Tolvanen},
    title = {Domain Specific Modeling: Enabling Full Code Generation},
    publisher = {John Wiley \& Sons},
    year = {2008},
}

@book{Triola:2018,
  title={Elementary Statistics},
  author={Triola, M.F.},
  isbn={9780134462455},
  lccn={2016016750},
  year={2018},
  publisher={Pearson}
}

@inproceedings{Travassos:2003,
  title={Contributions of in virtuo and in silico experiments for the future of empirical studies in software engineering},
  author={Travassos, Guilherme Horta and Barros, M{\'a}rcio O},
  booktitle={2nd Workshop on empirical software engineering the future of empirical studies in software engineering},
  pages={117--130},
  year={2003}
}

@monography{Lopes:2019,
    address={Rio Grande do Sul},
    author={Jonnathan Riquelmo Lopes},
    pages={135},
    pagename={51--65},
    school={Universidade Federal do Pampa},
    title={ERtext: uma linguagem específica de domínio para a representação de modelos conceituais de bancos de dados relacionais (in portuguese)},
    type={TCC},
    year={2019}
}

@monography{anonymous:2019,
    address={Anon. Address},
    author={Anonymous Author},
    pages={135},
    pagename={51--65},
    school={Anon. School},
    title={Anon. Title},
    type={TCC},
    year={2019}
}

@inproceedings{iceis21,
    author={Jonnathan Lopes and Maicon Bernardino and Fábio Basso and Elder Rodrigues},
    title={Empirical Evaluation of a Textual Approach to Database Design in a Modeling Tool},
    booktitle={Proc. of the 23th International Conference on Enterprise Information Systems (ICEIS)},
    year={2021},
    pages={8},
    publisher={SciTePress}
}

@conference{modelsward21,
    author={Jonnathan Lopes. and Maicon Bernardino. and Fábio Basso. and Elder Rodrigues.},
    title={Textual Approach for Designing Database Conceptual Models: A Focus Group},
    booktitle={Proceedings of the 9th International Conference on Model-Driven Engineering and Software Development - MODELSWARD,},
    year={2021},
    pages={171-178},
    publisher={SciTePress},
    organization={INSTICC},
    doi={10.5220/0010232801710178},
    isbn={978-989-758-487-9},
    issn={2184-4348},
}

@inproceedings{eres,
 author = {Jonnathan Lopes and Maicon Bernardino and Fábio Basso and Elder Rodrigues},
 title = {Avaliação Preliminar de uma Linguagem para a Representação Textual de Modelos Conceituais de Bancos de Dados},
 booktitle = {Anais da IV Escola Regional de Engenharia de Software},
 location = {Evento Online},
 year = {2020},
 keywords = {},
 issn = {0000-0000},
 pages = {306--315},
 publisher = {SBC},
 address = {Porto Alegre, RS, Brasil},
 doi = {10.5753/eres.2020.13741},
 %url = {https://sol.sbc.org.br/index.php/eres/article/view/13741}
}

@inproceedings{anonymous:21,
    author={Anon. Author},
    title={Anonymous Title},
    booktitle={Anon. Conference},
    year={2021},
    pages={8},
    publisher={Anon. Publisher}
}

@inproceedings{Rashid:2014,
	author = {TA Rashid and RS Al-Radhy},
	title = {Transformations to issues in teaching, learning, and assessing methods in databases courses},
	journal = {IEEE International Conference on Teaching, Assessment and Learning for Engineering (TALE)},
	publisher = {IEEE},
    % url = {https://ieeexplore.ieee.org/abstract/document/7062635/},
	year = {2014},
	booktitle={IEEE International Conference on Teaching, Assessment and Learning for Engineering (TALE)}
}

@book{Mancas:2016,
  title={Conceptual Data Modeling and Database Design: A Fully Algorithmic Approach, Volume 1: The Shortest Advisable Path},
  author={Mancas, C.},
  isbn={9781498728447},
  lccn={2015025172},
  %url={https://books.google.com.br/books?id=reKYCgAAQBAJ},
  year={2016},
  publisher={Apple Academic Press}
}

@book{Vinayak:2019,
  doi = {10.1201/9781351013277},
  %url = {https://doi.org/10.1201/9781351013277},
  year = {2019},
  month = jan,
  publisher = {Chapman and Hall/{CRC}},
  editor = {Vinayak Bairagi and Mousami V. Munot},
  title = {Research Methodology}
}

@article{Bucchiarone:2020,
  doi = {10.1007/s10270-019-00773-6},
  %url = {https://doi.org/10.1007/s10270-019-00773-6},
  year = {2020},
  month = jan,
  publisher = {Springer Science and Business Media {LLC}},
  volume = {19},
  number = {1},
  pages = {5--13},
  author = {Antonio Bucchiarone and Jordi Cabot and Richard F. Paige and Alfonso Pierantonio},
  title = {Grand challenges in model-driven engineering: an analysis of the state of the research}
}

@inproceedings{Hutchinson:2011,
  year = {2011},
  month = may,
  publisher = {{ACM}},
  author = {John Hutchinson and Mark Rouncefield and Jon Whittle},
  title = {Model-driven engineering practices in industry}
}

@article{Batory:2015,
  year = {2015},
  month = aug,
  publisher = {Springer Science and Business Media {LLC}},
  volume = {16},
  number = {2},
  pages = {443--467},
  author = {Don Batory and Maider Azanza},
  title = {Teaching model-driven engineering from a relational database perspective}
}

@book{Gronback:2009,
  title={Eclipse Modeling Project: A Domain-Specific Language (DSL) Toolkit},
  author={Gronback, R.C.},
  isbn={9780321635198},
  series={Eclipse Series},
  year={2009},
  publisher={Pearson Education}
}

@book{Bettini:2016,
author = {Bettini, Lorenzo},
title = {Implementing Domain Specific Languages with Xtext and Xtend - Second Edition},
year = {2016},
isbn = {1786464969},
publisher = {Packt Publishing},
edition = {2nd}
}

@article{Moutaouakkil:2020,
  doi = {10.1016/j.procs.2020.03.147},
  %url = {https://doi.org/10.1016/j.procs.2020.03.147},
  year = {2020},
  publisher = {Elsevier {BV}},
  volume = {170},
  pages = {838--844},
  author = {Amine Moutaouakkil and Samir Mbarki},
  title = {Generating a {PHP} Metamodel using Xtext Framework}
}

@inproceedings{Neubauer:2015,
  doi = {10.1145/2814251.2814267},
  %url = {https://doi.org/10.1145/2814251.2814267},
  year = {2015},
  month = oct,
  publisher = {{ACM}},
  author = {Patrick Neubauer and Alexander Bergmayr and Tanja Mayerhofer and Javier Troya and Manuel Wimmer},
  title = {{XMLText}: from {XML} schema to xtext}
}

@techreport{XtextSirius:2017,
    author      = {Obeo and TypeFox},
    title       = {Xtext/Sirius - Integration The Main Use-Cases},
    month       = Dec,   
    year        = {2017},
    url         = {https://www.obeodesigner.com/resource/white-paper/WhitePaper_XtextSirius_EN.pdf}
}

@inproceedings{sbbd:2021,
 author = {Jonnathan Lopes and Maicon Bernardino and Fábio Basso and Elder Rodrigues},
 title = {Textual-based DSL for Conceptual Database Modeling: A Controlled Experiment},
 booktitle = {Anais do XXXVI Simpósio Brasileiro de Bancos de Dados},
 location = {Evento Online},
 year = {2021},
 keywords = {},
 issn = {2763-8979},
 pages = {169--180},
 publisher = {SBC},
 address = {Porto Alegre, RS, Brasil}
}


@INPROCEEDINGS{thoth:2019,
  author={Marchezan, Luciano and Bolfe, Guilherme and Rodrigues, Elder and Bernardino, Maicon and Basso, Fábio Paulo},
  booktitle={2019 ACM/IEEE International Symposium on Empirical Software Engineering and Measurement (ESEM)}, 
  title={Thoth: A Web-based Tool to Support Systematic Reviews}, 
  year={2019},
  volume={},
  number={},
  pages={1-6},
  doi={10.1109/ESEM.2019.8870160}
}

@inproceedings{Karanikolas:2011,
  title={Database Design Revisited},
  author={N. Karanikolas},
  year={2011}
}

@book{Paredaens:2012,
  title={The structure of the relational database model},
  author={Paredaens, Jan and De Bra, Paul and Gyssens, Marc and Van Gucht, Dirk},
  volume={17},
  year={2012},
  publisher={Springer Science \& Business Media}
}

@book{Robinson:2015,
  title={Graph databases: new opportunities for connected data},
  author={Robinson, Ian and Webber, Jim and Eifrem, Emil},
  year={2015},
  publisher={" O'Reilly Media, Inc."}
}

@inproceedings{Puangsaijai:2017,
  title={A comparative study of relational database and key-value database for big data applications},
  author={Puangsaijai, Wittawat and Puntheeranurak, Sutheera},
  booktitle={2017 International Electrical Engineering Congress (iEECON)},
  pages={1--4},
  year={2017},
  organization={IEEE}
}

@incollection{Codd:1989,
title = {Relational Database: A Practical Foundation for Productivity},
editor = {John Mylopolous and Michael Brodie},
booktitle = {Readings in Artificial Intelligence and Databases},
publisher = {Morgan Kaufmann},
address = {San Francisco (CA)},
pages = {60-68},
year = {1989},
isbn = {978-0-934613-53-8},
doi = {https://doi.org/10.1016/B978-0-934613-53-8.50009-1},
%url = {https://www.sciencedirect.com/science/article/pii/B9780934613538500091},
author = {E.F. Codd}
}
 
% ==============================
%       ARTIGOS DA REVISÃO
% ==============================


@article{Teorey:1986,
    author = {Teorey, Toby J. and Yang, Dongqing and Fry, James P.},
    title = {A Logical Design Methodology for Relational Databases Using the Extended Entity-Relationship Model},
    year = {1986},
    issue_date = {June 1986},
    publisher = {Association for Computing Machinery},
    address = {New York, NY, USA},
    volume = {18},
    number = {2},
    issn = {0360-0300},
    %url = {https://doi.org/10.1145/7474.7475},
    doi = {10.1145/7474.7475},
    journal = {ACM Comput. Surv.},
    month = jun,
    pages = {197–222},
    numpages = {26}
}

@article{Kung:2010,
    author = {Kung, Hsiang-Jui and Tung, Hui-Lien},
    year = {2010},
    month = {12},
    pages = {231-237},
    title = {A web-based tool for teaching data modeling},
    volume = {26},
    journal = {Journal of Computing Sciences in Colleges}
}

@article{Dey:1999,
    author = {Dey, Debabrata and Storey, Veda and Barron, Terence},
    year = {1999},
    month = {12},
    pages = {453-486},
    title = {Improving Database Design Through the Analysis of Relationships.},
    volume = {24},
    journal = {ACM Trans. Database Syst.},
    doi = {10.1145/331983.331984}
}

@inproceedings{Hartmann:2007,
    author = {Hartmann, Sven and Link, Sebastian},
    year = {2007},
    month = {11},
    pages = {307-322},
    title = {Collection Type Constructors in Entity-Relationship Modeling},
    isbn = {978-3-540-75562-3},
    doi = {10.1007/978-3-540-75563-0_22}
}

@inproceedings{Gogolla:2005,
    author = {Gogolla, Martin},
    title = {Exploring ER and RE Syntax and Semantics with Metamodel Object Diagrams},
    year = {2005},
    isbn = {9781595937193},
    publisher = {Association for Computing Machinery},
    address = {New York, NY, USA},
    %url = {https://doi.org/10.1145/1234324.1234330},
    doi = {10.1145/1234324.1234330},
    booktitle = {Proceedings of the 2005 Symposia on Metainformatics},
    pages = {6–es},
    location = {Esbjerg, Denmark},
    series = {MIS '05}
}

@inproceedings{deSousa:2018,
    author = {de Sousa, Victor Martins and Cura, Luis Mariano del Val},
    title = {Logical Design of Graph Databases from an Entity-Relationship Conceptual Model},
    booktitle = {iiWAS2018: International Conference on Information Integration and Web-based Applications & Services},
    year = {2018},
    isbn = {9781450364799},
    publisher = {Association for Computing Machinery},
    address = {New York, NY, USA},
    %url = {https://doi.org/10.1145/3282373.3282375},
    doi = {10.1145/3282373.3282375},
    pages = {183–189},
    numpages = {7},
    keywords = {Database modeling, entity-relationship model, graph databases, NoSQL databases},
    location = {Yogyakarta, Indonesia}
}

@inproceedings{Subahi:2011,
  title={A Model Transformation Approach for Translating Conceptual Database Schemas into Executable Database Systems},
  author={Ahmad F. Subahi and Anthony J. H. Simons},
  year={2011},
  publisher={Semantic Scholar},
  booktitle={Semantic Scholar},
}

@inproceedings{Vara:2007,
author = {Vara, Juan M. and Vela, Belen and Cavero, Jose Maria and Marcos, Esperanza},
title = {Model Transformation for Object-Relational Database Development},
year = {2007},
isbn = {1595934804},
publisher = {Association for Computing Machinery},
address = {New York, NY, USA},
%url = {https://doi.org/10.1145/1244002.1244222},
doi = {10.1145/1244002.1244222},
booktitle = {Proceedings of the 2007 ACM Symposium on Applied Computing},
pages = {1012–1019},
numpages = {8},
keywords = {object-relational databases, formalization, graph transformation, model transformation},
location = {Seoul, Korea},
series = {SAC '07}
}

@article{Dimitrieski:2015,
    title = {Concepts and evaluation of the extended entity-relationship approach to database design in a multi-paradigm information system modeling tool},
    journal = {Computer Languages, Systems & Structures},
    volume = {44},
    pages = {299-318},
    year = {2015},
    issn = {1477-8424},
    doi = {https://doi.org/10.1016/j.cl.2015.08.011},
    %url = {https://www.sciencedirect.com/science/article/pii/S1477842415000615},
    author = {Vladimir Dimitrieski and Milan Čeliković and Slavica Aleksić and Sonja Ristić and Abdalla Alargt and Ivan Luković},
    keywords = {Entity-relationship, Domain-specific language, Model transformation, Information system design, Evaluation study}
}

@article{Ristic:2016,
  title={A model-to-model transformation of a generic relational database schema into a form type data model},
  author={Sonja Risti{\'c} and Slavica Kordic and Milan Celikovic and Vladimir Dimitrieski and Ivan Lukovic},
  journal={2016 Federated Conference on Computer Science and Information Systems (FedCSIS)},
  year={2016},
  pages={1577-1580}
}

@INPROCEEDINGS{Dimitrieski:2014,  
    author={Dimitrieski, Vladimir and Čeliković, Milan and Aleksić, Slavica and Ristić, Sonja and Luković, Ivan},  
    booktitle={2014 Federated Conference on Computer Science and Information Systems},   
    title={Extended Entity-Relationship approach in a Multi-Paradigm Information System Modeling Tool},   
    year={2014},  
    volume={},  
    number={},  
    pages={1611-1620},  
    doi={10.15439/2014F239}
}

@article{Rosenthal:1994,
    author = {Rosenthal, Arnon and Reiner, David},
    year = {1994},
    month = {06},
    pages = {},
    title = {Tools and Transformations -- Rigorous and Otherwise -- For Practical Database Design},
    volume = {19},
    journal = {ACM Transactions on Database Systems},
    doi = {10.1145/176567.176568}
}

@inproceedings{eres:2021,
 author = {Jonnathan Riquelmo and Maicon Bernardino and Fábio Basso and Elder Rodrigues},
 title = {Multivocal Literature Mapping on DSLs and Tools for Entity-Relationship Modeling},
 booktitle = {Anais da V Escola Regional de Engenharia de Software},
 location = {Evento Online},
 year = {2021},
 keywords = {},
 issn = {0000-0000},
 pages = {149--158},
 publisher = {SBC},
 address = {Porto Alegre, RS, Brasil},
 doi = {10.5753/eres.2021.18460},
 url = {https://sol.sbc.org.br/index.php/eres/article/view/18460}
}

@article{desmet:2001,
author = {Pieter Desmet and Kees Overbeeke and Stefan Tax},
title = {Designing Products with Added Emotional Value: Development and Appllcation of an Approach for Research through Design},
journal = {The Design Journal},
volume = {4},
number = {1},
pages = {32-47},
year  = {2001},
publisher = {Routledge},
doi = {10.2752/146069201789378496},
URL = { 
        https://doi.org/10.2752/146069201789378496
},
eprint = { 
        https://doi.org/10.2752/146069201789378496
}
}

@inproceedings{Reijneveld:2003,
author = {Reijneveld, Karen and de Looze, Michiel and Krause, Frank and Desmet, Pieter},
title = {Measuring the Emotions Elicited by Office Chairs},
year = {2003},
isbn = {1581136528},
publisher = {Association for Computing Machinery},
address = {New York, NY, USA},
url = {https://doi.org/10.1145/782896.782899},
doi = {10.1145/782896.782899},
booktitle = {Proceedings of the 2003 International Conference on Designing Pleasurable Products and Interfaces},
pages = {6–10},
numpages = {5},
keywords = {office chairs, non-verbal measurements, emotions},
location = {Pittsburgh, PA, USA},
series = {DPPI '03}
}

@book{Likert,
author = {Likert, Rensis},
address = {New York},
booktitle = {A technique for the measurement of attitudes},
keywords = {Attitude (Psychology) -- Testing},
language = {eng},
publisher = {[s.n.]},
series = {Archives of psychology ; no. 140},
title = {A technique for the measurement of attitudes / by Rensis Likert.},
year = {1985 - 1932},
}

@article{sus:1995,
author = {Brooke, John},
year = {1995},
month = {11},
pages = {},
title = {SUS: A quick and dirty usability scale},
volume = {189},
journal = {Usability Eval. Ind.}
}